


@article{han2018solving,
  title={Solving high-dimensional partial differential equations using deep learning},
  author={Han, Jiequn and Jentzen, Arnulf and Weinan, E},
  journal={Proceedings of the National Academy of Sciences},
  pages={201718942},
  year={2018},
  publisher={National Acad Sciences},
  file={Docs/10.1073@pnas.1718942115.pdf}
}

