



@article{willett2018transience,
	Author = {Willett, Sean D. and McCoy, Scott W. and Beeson, Helen W.},
	Journal = {Nature},
	Title = {Transience of the North American High Plains landscape and its impact on surface water},
	Year = {2018},
	file={Docs/10.1038@s41586-018-0532-1.pdf}
}





@article{yang2017interaction,
  title={Interaction between karst terrain and bauxites: evidence from Quaternary orebody distribution in Guangxi, SW China},
  author={Yang, Lin and Wang, Qingfei and Zhang, Qizuan and Carranza, Emmanuel John M and Liu, Huan and Liu, Xuefei and Deng, Jun},
  journal={Scientific reports},
  volume={7},
  number={1},
  pages={11842},
  year={2017},
  publisher={Nature Publishing Group},
  file={Docs/Yang_et_al-2017-Scientific_Reports.pdf}
}


@article{schout2018impact,
  title={Impact of an historic underground gas well blowout on the current methane chemistry in a shallow groundwater system},
  author={Schout, Gilian and Hartog, Niels and Hassanizadeh, S Majid and Griffioen, Jasper},
  journal={Proceedings of the National Academy of Sciences},
  volume={115},
  number={2},
  pages={296--301},
  year={2018},
  publisher={National Acad Sciences},
  file={Docs/PNAS-2018-Schout-296-301.pdf}
}


@article{jasechko2017hydraulic,
  title={Hydraulic fracturing near domestic groundwater wells},
  author={Jasechko, Scott and Perrone, Debra},
  journal={Proceedings of the National Academy of Sciences},
  volume={114},
  number={50},
  pages={13138--13143},
  year={2017},
  publisher={National Acad Sciences},
  file={Docs/10.1073@pnas.1701682114.pdf}
}



@article{tashiro2017early,
  title={Early trace of life from 3.95 Ga sedimentary rocks in Labrador, Canada},
  author={Tashiro, Takayuki and Ishida, Akizumi and Hori, Masako and Igisu, Motoko and Koike, Mizuho and M{\'e}jean, Pauline and Takahata, Naoto and Sano, Yuji and Komiya, Tsuyoshi},
  journal={Nature},
  volume={549},
  number={7673},
  pages={516},
  year={2017},
  publisher={Nature Publishing Group},
  file={Docs/10.1038@nature24019.pdf}
}



@article{bendixen2017delta,
  title={Delta progradation in Greenland driven by increasing glacial mass loss},
  author={Bendixen, Mette and Iversen, Lars L{\o}nsmann and Bj{\o}rk, Anders Anker and Elberling, Bo and Westergaard-Nielsen, Andreas and Overeem, Irina and Barnhart, Katy R and Khan, Shfaqat Abbas and Box, Jason E and Abermann, Jakob and others},
  journal={Nature},
  volume={550},
  number={7674},
  pages={101},
  year={2017},
  publisher={Nature Publishing Group},
  file={Docs/10.1038@nature23873.pdf}
}



@article{burton2018quantifying,
  title={Quantifying flow and stress in ice m{\'e}lange, the world’s largest granular material},
  author={Burton, Justin C and Amundson, Jason M and Cassotto, Ryan and Kuo, Chin-Chang and Dennin, Michael},
  journal={Proceedings of the National Academy of Sciences},
  pages={201715136},
  year={2018},
  publisher={National Acad Sciences},
  file={Docs/10.1073@pnas.1715136115.pdf}
}



@article{brown2018earth,
  title={Earth’s magnetic field is probably not reversing},
  author={Brown, Maxwell and Korte, Monika and Holme, Richard and Wardinski, Ingo and Gunnarson, Sydney},
  journal={Proceedings of the National Academy of Sciences},
  pages={201722110},
  year={2018},
  publisher={National Acad Sciences},
  file={Docs/10.1073@pnas.1722110115.pdf}
}




@article{ferdowsi2018glassy,
  title={Glassy dynamics of landscape evolution},
  author={Ferdowsi, Behrooz and Ortiz, Carlos P and Jerolmack, Douglas J},
  journal={Proceedings of the National Academy of Sciences},
  pages={201715250},
  year={2018},
  publisher={National Acad Sciences},
  file={Docs/4827.full.pdf}
}



