


@article{ferdowsi2018glassy,
  title={Glassy dynamics of landscape evolution},
  author={Ferdowsi, Behrooz and Ortiz, Carlos P and Jerolmack, Douglas J},
  journal={Proceedings of the National Academy of Sciences},
  pages={201715250},
  year={2018},
  publisher={National Acad Sciences},
  file={Docs/4827.full.pdf}
}



