



@article{gonzalez2010evolution,
  title={The Evolution of US City Size Distribution from a Long-Term Perspective (1900--2000)},
  author={Gonz{\'a}lez-Val, Rafael},
  journal={Journal of Regional Science},
  volume={50},
  number={5},
  pages={952--972},
  year={2010},
  publisher={Wiley Online Library},
  file={Docs/gonzlezval2010.pdf}
}


@article{osth2017social,
  title={Social Capital, Resilience and Accessibility in Urban Systems: a Study on Sweden},
  author={{\"O}sth, John and Dolciotti, Martina and Reggiani, Aura and Nijkamp, Peter},
  journal={Networks and Spatial Economics},
  pages={1--24},
  year={2017},
  publisher={Springer},
  file={Docs/10.1007\%2Fs11067-017-9375-9.pdf}
}


