

@article{shah2006building,
  title={Building better theory by bridging the quantitative--qualitative divide},
  author={Shah, Sonali K and Corley, Kevin G},
  journal={Journal of management studies},
  volume={43},
  number={8},
  pages={1821--1835},
  year={2006},
  publisher={Wiley Online Library},
  file={Docs/Shah & Corley - Bridging the Quantitative-Qualitative Divide.pdf}
}

