%% This BibTeX bibliography file was created using BibDesk.
%% http://bibdesk.sourceforge.net/


%% Created for Juste Raimbault at 2015-11-30 14:30:06 +0100 


%% Saved with string encoding Occidental (ISO Latin 1) 



@phdthesis{shushan2015urban,
	Author = {Yossi Shushan},
	Date-Added = {2015-11-30 13:26:41 +0000},
	Date-Modified = {2015-11-30 13:28:00 +0000},
	School = {Tel Aviv University},
	Title = {The Urban Experience as Derives from Spatial Cognition and Networks research},
	Year = {2015},
	Bdsk-File-1 = {YnBsaXN0MDDUAQIDBAUGJCVYJHZlcnNpb25YJG9iamVjdHNZJGFyY2hpdmVyVCR0b3ASAAGGoKgHCBMUFRYaIVUkbnVsbNMJCgsMDxJXTlMua2V5c1pOUy5vYmplY3RzViRjbGFzc6INDoACgAOiEBGABIAFgAdccmVsYXRpdmVQYXRoWWFsaWFzRGF0YV8QJERvY3MvVGhlc2lzQXJjaGlUQVVuaXZfMDAyNTQwODc2LnBkZtIXCxgZV05TLmRhdGFPEQJKAAAAAAJKAAIAAAxNYWNpbnRvc2ggSEQAAAAAAAAAAAAAAAAAAADKQQYMSCsAAAO6P4kfVGhlc2lzQXJjaGlUQVVuaXZfMDAyNTQwODc2LnBkZgAAAAAAAAAAAAAAAAAAAAAAAAAAAAAAAAAAAAAAAAAAA7pSxdKCDQEAAAAAAAAAAAABAAMAAAkgAAAAAAAAAAAAAAAAAAAABERvY3MAEAAIAADKQOnsAAAAEQAIAADSgf7xAAAAAQAgA7o/iQO6P2cDsb35AKmYegCQwikABQIVAAUCFAAAvuwAAgCFTWFjaW50b3NoIEhEOlVzZXJzOgBKdXN0ZToARG9jdW1lbnRzOgBDb21wbGV4U3lzdGVtczoAQmlibGlvOgBEb21haW5TcGVjaWZpYzoAU3BhdGlhbENvZ25pdGlvbjoARG9jczoAVGhlc2lzQXJjaGlUQVVuaXZfMDAyNTQwODc2LnBkZgAADgBAAB8AVABoAGUAcwBpAHMAQQByAGMAaABpAFQAQQBVAG4AaQB2AF8AMAAwADIANQA0ADAAOAA3ADYALgBwAGQAZgAPABoADABNAGEAYwBpAG4AdABvAHMAaAAgAEgARAASAHBVc2Vycy9KdXN0ZS9Eb2N1bWVudHMvQ29tcGxleFN5c3RlbXMvQmlibGlvL0RvbWFpblNwZWNpZmljL1NwYXRpYWxDb2duaXRpb24vRG9jcy9UaGVzaXNBcmNoaVRBVW5pdl8wMDI1NDA4NzYucGRmABMAAS8AABUAAgAM//8AAIAG0hscHR5aJGNsYXNzbmFtZVgkY2xhc3Nlc11OU011dGFibGVEYXRhox0fIFZOU0RhdGFYTlNPYmplY3TSGxwiI1xOU0RpY3Rpb25hcnmiIiBfEA9OU0tleWVkQXJjaGl2ZXLRJidUcm9vdIABAAgAEQAaACMALQAyADcAQABGAE0AVQBgAGcAagBsAG4AcQBzAHUAdwCEAI4AtQC6AMIDEAMSAxcDIgMrAzkDPQNEA00DUgNfA2IDdAN3A3wAAAAAAAACAQAAAAAAAAAoAAAAAAAAAAAAAAAAAAADfg==}}

@book{portugali1996construction,
	Author = {Portugali, Juval},
	Date-Added = {2015-11-30 12:55:22 +0000},
	Date-Modified = {2015-11-30 12:55:22 +0000},
	Publisher = {Springer Science \& Business Media},
	Title = {The construction of cognitive maps},
	Volume = {32},
	Year = {1996},
	Bdsk-File-1 = {YnBsaXN0MDDUAQIDBAUGJCVYJHZlcnNpb25YJG9iamVjdHNZJGFyY2hpdmVyVCR0b3ASAAGGoKgHCBMUFRYaIVUkbnVsbNMJCgsMDxJXTlMua2V5c1pOUy5vYmplY3RzViRjbGFzc6INDoACgAOiEBGABIAFgAdccmVsYXRpdmVQYXRoWWFsaWFzRGF0YV8Qj0RvY3MvKEdlb0pvdXJuYWwgTGlicmFyeSAzMikgSnV2YWwgUG9ydHVnYWxpIChhdXRoLiksIEp1dmFsIFBvcnR1Z2FsaSAoZWRzLiktVGhlIENvbnN0cnVjdGlvbiBvZiBDb2duaXRpdmUgTWFwcy1TcHJpbmdlciBOZXRoZXJsYW5kcyAoMTk5NikucGRm0hcLGBlXTlMuZGF0YU8RA4wAAAAAA4wAAgAADE1hY2ludG9zaCBIRAAAAAAAAAAAAAAAAAAAAMpBBgxIKwAAA7o/iR8oR2VvSm91cm5hbCBMaWJyYXJ5IzNCQTQxRkIucGRmAAAAAAAAAAAAAAAAAAAAAAAAAAAAAAAAAAAAAAAAAAADukH70oIFngAAAAAAAAAAAAEAAwAACSAAAAAAAAAAAAAAAAAAAAAERG9jcwAQAAgAAMpA6ewAAAARAAgAANKB944AAAABACADuj+JA7o/ZwOxvfkAqZh6AJDCKQAFAhUABQIUAAC+7AACAIVNYWNpbnRvc2ggSEQ6VXNlcnM6AEp1c3RlOgBEb2N1bWVudHM6AENvbXBsZXhTeXN0ZW1zOgBCaWJsaW86AERvbWFpblNwZWNpZmljOgBTcGF0aWFsQ29nbml0aW9uOgBEb2NzOgAoR2VvSm91cm5hbCBMaWJyYXJ5IzNCQTQxRkIucGRmAAAOARYAigAoAEcAZQBvAEoAbwB1AHIAbgBhAGwAIABMAGkAYgByAGEAcgB5ACAAMwAyACkAIABKAHUAdgBhAGwAIABQAG8AcgB0AHUAZwBhAGwAaQAgACgAYQB1AHQAaAAuACkALAAgAEoAdQB2AGEAbAAgAFAAbwByAHQAdQBnAGEAbABpACAAKABlAGQAcwAuACkALQBUAGgAZQAgAEMAbwBuAHMAdAByAHUAYwB0AGkAbwBuACAAbwBmACAAQwBvAGcAbgBpAHQAaQB2AGUAIABNAGEAcABzAC0AUwBwAHIAaQBuAGcAZQByACAATgBlAHQAaABlAHIAbABhAG4AZABzACAAKAAxADkAOQA2ACkALgBwAGQAZgAPABoADABNAGEAYwBpAG4AdABvAHMAaAAgAEgARAASANtVc2Vycy9KdXN0ZS9Eb2N1bWVudHMvQ29tcGxleFN5c3RlbXMvQmlibGlvL0RvbWFpblNwZWNpZmljL1NwYXRpYWxDb2duaXRpb24vRG9jcy8oR2VvSm91cm5hbCBMaWJyYXJ5IDMyKSBKdXZhbCBQb3J0dWdhbGkgKGF1dGguKSwgSnV2YWwgUG9ydHVnYWxpIChlZHMuKS1UaGUgQ29uc3RydWN0aW9uIG9mIENvZ25pdGl2ZSBNYXBzLVNwcmluZ2VyIE5ldGhlcmxhbmRzICgxOTk2KS5wZGYAABMAAS8AABUAAgAM//8AAIAG0hscHR5aJGNsYXNzbmFtZVgkY2xhc3Nlc11OU011dGFibGVEYXRhox0fIFZOU0RhdGFYTlNPYmplY3TSGxwiI1xOU0RpY3Rpb25hcnmiIiBfEA9OU0tleWVkQXJjaGl2ZXLRJidUcm9vdIABAAgAEQAaACMALQAyADcAQABGAE0AVQBgAGcAagBsAG4AcQBzAHUAdwCEAI4BIAElAS0EvQS/BMQEzwTYBOYE6gTxBPoE/wUMBQ8FIQUkBSkAAAAAAAACAQAAAAAAAAAoAAAAAAAAAAAAAAAAAAAFKw==}}

@article{RB06,
	Author = {Ramadier T. and Bronner A-C.},
	Date-Added = {2015-11-30 12:49:05 +0000},
	Date-Modified = {2015-11-30 12:49:05 +0000},
	Journal = {Environment and Planning B: Planning and Design},
	Number = {33},
	Pages = {285-299},
	Reading = {A},
	Title = {Knowledge of the environment and spatial cognition: jrs as a technique for improving comparisons between social groups},
	Usage = {GSB},
	Year = {2006},
	Bdsk-File-1 = {YnBsaXN0MDDUAQIDBAUGJCVYJHZlcnNpb25YJG9iamVjdHNZJGFyY2hpdmVyVCR0b3ASAAGGoKgHCBMUFRYaIVUkbnVsbNMJCgsMDxJXTlMua2V5c1pOUy5vYmplY3RzViRjbGFzc6INDoACgAOiEBGABIAFgAdccmVsYXRpdmVQYXRoWWFsaWFzRGF0YV8QNi4uLy4uL0VudnBsYW4vQi9Wb2x1bWUzM18yMDA2L0tub3dsZWRnZV9vZl90aGVfZW52LnBkZtIXCxgZV05TLmRhdGFPEQIeAAAAAAIeAAIAAAxNYWNpbnRvc2ggSEQAAAAAAAAAAAAAAAAAAADKQQYMSCsAAADQ4UYYS25vd2xlZGdlX29mX3RoZV9lbnYucGRmAAAAAAAAAAAAAAAAAAAAAAAAAAAAAAAAAAAAAAAAAAAAAAAAAAAAANDosM2tl+kAAAAAAAAAAAACAAQAAAkgAAAAAAAAAAAAAAAAAAAADVZvbHVtZTMzXzIwMDYAABAACAAAykDp7AAAABEACAAAza17yQAAAAEAIADQ4UYA0OEEANDhAwCpmHoAkMIpAAUCFQAFAhQAAL7sAAIAcU1hY2ludG9zaCBIRDpVc2VyczoASnVzdGU6AERvY3VtZW50czoAQ29tcGxleFN5c3RlbXM6AEJpYmxpbzoARW52cGxhbjoAQjoAVm9sdW1lMzNfMjAwNjoAS25vd2xlZGdlX29mX3RoZV9lbnYucGRmAAAOADIAGABLAG4AbwB3AGwAZQBkAGcAZQBfAG8AZgBfAHQAaABlAF8AZQBuAHYALgBwAGQAZgAPABoADABNAGEAYwBpAG4AdABvAHMAaAAgAEgARAASAFxVc2Vycy9KdXN0ZS9Eb2N1bWVudHMvQ29tcGxleFN5c3RlbXMvQmlibGlvL0VudnBsYW4vQi9Wb2x1bWUzM18yMDA2L0tub3dsZWRnZV9vZl90aGVfZW52LnBkZgATAAEvAAAVAAIADP//AACABtIbHB0eWiRjbGFzc25hbWVYJGNsYXNzZXNdTlNNdXRhYmxlRGF0YaMdHyBWTlNEYXRhWE5TT2JqZWN00hscIiNcTlNEaWN0aW9uYXJ5oiIgXxAPTlNLZXllZEFyY2hpdmVy0SYnVHJvb3SAAQAIABEAGgAjAC0AMgA3AEAARgBNAFUAYABnAGoAbABuAHEAcwB1AHcAhACOAMcAzADUAvYC+AL9AwgDEQMfAyMDKgMzAzgDRQNIA1oDXQNiAAAAAAAAAgEAAAAAAAAAKAAAAAAAAAAAAAAAAAAAA2Q=}}
