





@article{halatek2018rethinking,
  title={Rethinking pattern formation in reaction--diffusion systems},
  author={Halatek, J and Frey, E},
  journal={Nature Physics},
  volume={14},
  number={5},
  pages={507},
  year={2018},
  publisher={Nature Publishing Group},
  file={Docs/10.1038@s41567-017-0040-5.pdf}
}



@ARTICLE{2018arXiv180500111N,
   author = {{Ngamsaad}, W. and {Suantai}, S.},
    title = "{Approximate solutions for a flux limited reaction-diffusion equation}",
  journal = {ArXiv e-prints},
archivePrefix = "arXiv",
   eprint = {1805.00111},
 primaryClass = "physics.bio-ph",
 keywords = {Physics - Biological Physics, Quantitative Biology - Populations and Evolution},
     year = 2018,
    month = apr,
   adsurl = {http://adsabs.harvard.edu/abs/2018arXiv180500111N},
  adsnote = {Provided by the SAO/NASA Astrophysics Data System},
  file={Docs/1805.00111.pdf}
}



@ARTICLE{2018arXiv180503794V,
   author = {{Van}, T.~V. and {Hasegawa}, Y.},
    title = "{Universal Diffusion-Dynamics Laws in Stochastic Reaction Networks}",
  journal = {ArXiv e-prints},
archivePrefix = "arXiv",
   eprint = {1805.03794},
 primaryClass = "physics.bio-ph",
 keywords = {Physics - Biological Physics, Quantitative Biology - Molecular Networks},
     year = 2018,
    month = may,
   adsurl = {http://adsabs.harvard.edu/abs/2018arXiv180503794V},
  adsnote = {Provided by the SAO/NASA Astrophysics Data System},
  file={Docs/1805.03794.pdf}
}


