

@article{arrouf2015mesures,
  title={Mesures fractales de lâ€™identit{\'e} morphique pour des tissus urbains dans la ville alg{\'e}rienne de Batna},
  author={Arrouf, Abdelmalek and Kacha, Lemya and Mansouri, Ahmed},
  journal={Cybergeo: European Journal of Geography},
  year={2015},
  publisher={CNRS-UMR G{\'e}ographie-cit{\'e}s 8504}
}

