%% This BibTeX bibliography file was created using BibDesk.
%% http://bibdesk.sourceforge.net/


%% Created for Juste Raimbault at 2016-03-14 14:50:48 +0100 


%% Saved with string encoding Occidental (ISO Latin 1) 



@article{blandford2015century,
	Author = {Blandford, RD},
	Date-Added = {2016-03-14 13:50:40 +0000},
	Date-Modified = {2016-03-14 13:50:40 +0000},
	Journal = {Science},
	Number = {6226},
	Pages = {1103--1108},
	Publisher = {American Association for the Advancement of Science},
	Title = {A century of general relativity: Astrophysics and cosmology},
	Volume = {347},
	Year = {2015},
	Bdsk-File-1 = {YnBsaXN0MDDUAQIDBAUGJCVYJHZlcnNpb25YJG9iamVjdHNZJGFyY2hpdmVyVCR0b3ASAAGGoKgHCBMUFRYaIVUkbnVsbNMJCgsMDxJXTlMua2V5c1pOUy5vYmplY3RzViRjbGFzc6INDoACgAOiEBGABIAFgAdccmVsYXRpdmVQYXRoWWFsaWFzRGF0YV8QJkRvY3MvU2NpZW5jZS0yMDE1LUJsYW5kZm9yZC0xMTAzLTgucGRm0hcLGBlXTlMuZGF0YU8RAkgAAAAAAkgAAgAADE1hY2ludG9zaCBIRAAAAAAAAAAAAAAAAAAAAMpBBgxIKwAABCe4pR9TY2llbmNlLTIwMTUtQmxhbmRmIzIzMEVCNTUucGRmAAAAAAAAAAAAAAAAAAAAAAAAAAAAAAAAAAAAAAAAAAACMOtV0SMm6gAAAAAAAAAAAAEAAwAACSAAAAAAAAAAAAAAAAAAAAAERG9jcwAQAAgAAMpA6ewAAAARAAgAANEjGNoAAAABACAEJ7ilBCe4pAOxvfkAqZh6AJDCKQAFAhUABQIUAAC+7AACAIFNYWNpbnRvc2ggSEQ6VXNlcnM6AEp1c3RlOgBEb2N1bWVudHM6AENvbXBsZXhTeXN0ZW1zOgBCaWJsaW86AERvbWFpblNwZWNpZmljOgBBc3Ryb3BoeXNpY3M6AERvY3M6AFNjaWVuY2UtMjAxNS1CbGFuZGYjMjMwRUI1NS5wZGYAAA4ARAAhAFMAYwBpAGUAbgBjAGUALQAyADAAMQA1AC0AQgBsAGEAbgBkAGYAbwByAGQALQAxADEAMAAzAC0AOAAuAHAAZABmAA8AGgAMAE0AYQBjAGkAbgB0AG8AcwBoACAASABEABIAblVzZXJzL0p1c3RlL0RvY3VtZW50cy9Db21wbGV4U3lzdGVtcy9CaWJsaW8vRG9tYWluU3BlY2lmaWMvQXN0cm9waHlzaWNzL0RvY3MvU2NpZW5jZS0yMDE1LUJsYW5kZm9yZC0xMTAzLTgucGRmABMAAS8AABUAAgAM//8AAIAG0hscHR5aJGNsYXNzbmFtZVgkY2xhc3Nlc11OU011dGFibGVEYXRhox0fIFZOU0RhdGFYTlNPYmplY3TSGxwiI1xOU0RpY3Rpb25hcnmiIiBfEA9OU0tleWVkQXJjaGl2ZXLRJidUcm9vdIABAAgAEQAaACMALQAyADcAQABGAE0AVQBgAGcAagBsAG4AcQBzAHUAdwCEAI4AtwC8AMQDEAMSAxcDIgMrAzkDPQNEA00DUgNfA2IDdAN3A3wAAAAAAAACAQAAAAAAAAAoAAAAAAAAAAAAAAAAAAADfg==}}

@article{kowalski2008improved,
	Author = {Kowalski, Marek and Rubin, David and Aldering, Greg and Agostinho, RJ and Amadon, A and Amanullah, R and Balland, C and Barbary, K and Blanc, G and Challis, PJ and others},
	Date-Added = {2016-03-14 12:53:39 +0000},
	Date-Modified = {2016-03-14 12:53:39 +0000},
	Journal = {The Astrophysical Journal},
	Number = {2},
	Pages = {749},
	Publisher = {IOP Publishing},
	Title = {Improved cosmological constraints from new, old, and combined supernova data sets},
	Volume = {686},
	Year = {2008},
	Bdsk-File-1 = {YnBsaXN0MDDUAQIDBAUGJCVYJHZlcnNpb25YJG9iamVjdHNZJGFyY2hpdmVyVCR0b3ASAAGGoKgHCBMUFRYaIVUkbnVsbNMJCgsMDxJXTlMua2V5c1pOUy5vYmplY3RzViRjbGFzc6INDoACgAOiEBGABIAFgAdccmVsYXRpdmVQYXRoWWFsaWFzRGF0YV8QFERvY3MvMDgwNC40MTQydjEucGRm0hcLGBlXTlMuZGF0YU8RAgIAAAAAAgIAAgAADE1hY2ludG9zaCBIRAAAAAAAAAAAAAAAAAAAAMpBBgxIKwAABCe4pQ8wODA0LjQxNDJ2MS5wZGYAAAAAAAAAAAAAAAAAAAAAAAAAAAAAAAAAAAAAAAAAAAAAAAAAAAAAAAAAAAAAAAACCYkR0KkOLAAAAAAAAAAAAAEAAwAACSAAAAAAAAAAAAAAAAAAAAAERG9jcwAQAAgAAMpA6ewAAAARAAgAANCpABwAAAABACAEJ7ilBCe4pAOxvfkAqZh6AJDCKQAFAhUABQIUAAC+7AACAHFNYWNpbnRvc2ggSEQ6VXNlcnM6AEp1c3RlOgBEb2N1bWVudHM6AENvbXBsZXhTeXN0ZW1zOgBCaWJsaW86AERvbWFpblNwZWNpZmljOgBBc3Ryb3BoeXNpY3M6AERvY3M6ADA4MDQuNDE0MnYxLnBkZgAADgAgAA8AMAA4ADAANAAuADQAMQA0ADIAdgAxAC4AcABkAGYADwAaAAwATQBhAGMAaQBuAHQAbwBzAGgAIABIAEQAEgBcVXNlcnMvSnVzdGUvRG9jdW1lbnRzL0NvbXBsZXhTeXN0ZW1zL0JpYmxpby9Eb21haW5TcGVjaWZpYy9Bc3Ryb3BoeXNpY3MvRG9jcy8wODA0LjQxNDJ2MS5wZGYAEwABLwAAFQACAAz//wAAgAbSGxwdHlokY2xhc3NuYW1lWCRjbGFzc2VzXU5TTXV0YWJsZURhdGGjHR8gVk5TRGF0YVhOU09iamVjdNIbHCIjXE5TRGljdGlvbmFyeaIiIF8QD05TS2V5ZWRBcmNoaXZlctEmJ1Ryb290gAEACAARABoAIwAtADIANwBAAEYATQBVAGAAZwBqAGwAbgBxAHMAdQB3AIQAjgClAKoAsgK4AroCvwLKAtMC4QLlAuwC9QL6AwcDCgMcAx8DJAAAAAAAAAIBAAAAAAAAACgAAAAAAAAAAAAAAAAAAAMm}}
