



@book{shih2009image,
  title={Image processing and mathematical morphology: fundamentals and applications},
  author={Shih, Frank Y},
  year={2009},
  publisher={CRC press}
}


@ARTICLE{2017arXiv171008864S,
   author = {{Su}, J. and {Vasconcellos Vargas}, D. and {Kouichi}, S.},
    title = "{One pixel attack for fooling deep neural networks}",
  journal = {ArXiv e-prints},
archivePrefix = "arXiv",
   eprint = {1710.08864},
 keywords = {Computer Science - Machine Learning, Computer Science - Computer Vision and Pattern Recognition, Statistics - Machine Learning},
     year = 2017,
    month = oct,
   adsurl = {http://adsabs.harvard.edu/abs/2017arXiv171008864S},
  adsnote = {Provided by the SAO/NASA Astrophysics Data System},
  file={Docs/1710.08864.pdf}
}



@ARTICLE{2018arXiv180109454M,
   author = {{Maeda}, H. and {Sekimoto}, Y. and {Seto}, T. and {Kashiyama}, T. and 
	{Omata}, H.},
    title = "{Road Damage Detection Using Deep Neural Networks with Images Captured Through a Smartphone}",
  journal = {ArXiv e-prints},
archivePrefix = "arXiv",
   eprint = {1801.09454},
 primaryClass = "cs.CV",
 keywords = {Computer Science - Computer Vision and Pattern Recognition, Computer Science - Computers and Society},
     year = 2018,
    month = jan,
   adsurl = {http://adsabs.harvard.edu/abs/2018arXiv180109454M},
  adsnote = {Provided by the SAO/NASA Astrophysics Data System},
  file={Docs/1801.09454.pdf}
}



