


@ARTICLE{2014CSF....65...65C,
       author = {{Chen}, Yanguang},
        title = "{An allometric scaling relation based on logistic growth of cities}",
      journal = {Chaos Solitons and Fractals},
     keywords = {Physics - Physics and Society, Nonlinear Sciences - Adaptation and Self-
        Organizing Systems},
         year = 2014,
        month = Aug,
       volume = {65},
        pages = {65-77},
          doi = {10.1016/j.chaos.2014.04.017},
archivePrefix = {arXiv},
       eprint = {1312.3785},
 primaryClass = {physics.soc-ph},
       adsurl = {https://ui.adsabs.harvard.edu/#abs/2014CSF....65...65C},
      adsnote = {Provided by the SAO/NASA Astrophysics Data System},
	file={Docs/1312.3785.pdf}
}





@ARTICLE{2018arXiv181008330H,
   author = {{Hong}, I. and {Frank}, M.~R. and {Rahwan}, I. and {Jung}, W.-S. and 
	{Youn}, H.},
    title = "{A common trajectory recapitulated by urban economies}",
  journal = {ArXiv e-prints},
archivePrefix = "arXiv",
   eprint = {1810.08330},
 primaryClass = "physics.soc-ph",
 keywords = {Physics - Physics and Society, Quantitative Finance - General Finance},
     year = 2018,
    month = oct,
   adsurl = {http://adsabs.harvard.edu/abs/2018arXiv181008330H},
  adsnote = {Provided by the SAO/NASA Astrophysics Data System},
  file={Docs/1810.08330.pdf}
}


