

@ARTICLE{2019arXiv190103691B,
       author = {{Bouchaud}, Jean-Philippe},
        title = "{Econophysics: Still fringe after 30 years?}",
      journal = {arXiv e-prints},
     keywords = {Physics - Physics and Society, Quantitative Finance - General Finance},
         year = 2019,
        month = Jan,
          eid = {arXiv:1901.03691},
        pages = {arXiv:1901.03691},
archivePrefix = {arXiv},
       eprint = {1901.03691},
 primaryClass = {physics.soc-ph},
       adsurl = {https://ui.adsabs.harvard.edu/\#abs/2019arXiv190103691B},
      adsnote = {Provided by the SAO/NASA Astrophysics Data System},
	file={Docs/1901.03691.pdf}
}





@ARTICLE{2015arXiv151205066I,
   author = {{Inoue}, H.},
    title = "{Analyses of Aggregate Fluctuations of Firm Network Based on the Self-Organized Criticality Model}",
  journal = {ArXiv e-prints},
archivePrefix = "arXiv",
   eprint = {1512.05066},
 primaryClass = "q-fin.GN",
 keywords = {Quantitative Finance - General Finance, Computer Science - Systems and Control, Physics - Physics and Society},
     year = 2015,
    month = dec,
   adsurl = {http://adsabs.harvard.edu/abs/2015arXiv151205066I},
  adsnote = {Provided by the SAO/NASA Astrophysics Data System},
    file={Docs/1512.05066.pdf}
}


