


@article{barner2017multiscale,
  title={Multiscale Entropy in the Spatial Context of Cities},
  author={Barner, Martin and Cottineau, Cl{\'e}mentine and Molinero, Carlos and Salat, Hadrien and Stanilov, Kiril and Arcaute, Elsa},
  journal={arXiv preprint arXiv:1711.09817},
  year={2017},
  file={Docs/1711.09817.pdf}
}


