

@ARTICLE{2018arXiv180707747S,
   author = {{Salnikov}, V. and {Cassese}, D. and {Lambiotte}, R.},
    title = "{Simplicial complexes and complex systems}",
  journal = {ArXiv e-prints},
archivePrefix = "arXiv",
   eprint = {1807.07747},
 primaryClass = "physics.data-an",
 keywords = {Physics - Data Analysis, Statistics and Probability},
     year = 2018,
    month = jul,
   adsurl = {http://adsabs.harvard.edu/abs/2018arXiv180707747S},
  adsnote = {Provided by the SAO/NASA Astrophysics Data System},
  file={Docs/1807.07747.pdf}
}


