



@ARTICLE{2015arXiv150306205H,
   author = {{Hayden}, L.~X. and {Chachra}, R. and {Alemi}, A.~A. and {Ginsparg}, P.~H. and 
	{Sethna}, J.~P.},
    title = "{Canonical Sectors and Evolution of Firms in the US Stock Markets}",
  journal = {ArXiv e-prints},
archivePrefix = "arXiv",
   eprint = {1503.06205},
 primaryClass = "q-fin.ST",
 keywords = {Quantitative Finance - Statistical Finance, Physics - Physics and Society, Quantitative Finance - Portfolio Management},
     year = 2015,
    month = mar,
   adsurl = {http://adsabs.harvard.edu/abs/2015arXiv150306205H},
  adsnote = {Provided by the SAO/NASA Astrophysics Data System},
  file={Docs/1503.06205.pdf}
}





@article{10.1371/journal.pone.0193290,
    author = {Fievet, Lucas AND Sornette, Didier},
    journal = {PLOS ONE},
    publisher = {Public Library of Science},
    title = {Calibrating emergent phenomena in stock markets with agent based models},
    year = {2018},
    month = {03},
    volume = {13},
    url = {https://doi.org/10.1371/journal.pone.0193290},
    pages = {1-17},
    abstract = {Since the 2008 financial crisis, agent-based models (ABMs), which account for out-of-equilibrium dynamics, heterogeneous preferences, time horizons and strategies, have often been envisioned as the new frontier that could revolutionise and displace the more standard models and tools in economics. However, their adoption and generalisation is drastically hindered by the absence of general reliable operational calibration methods. Here, we start with a different calibration angle that qualifies an ABM for its ability to achieve abnormal trading performance with respect to the buy-and-hold strategy when fed with real financial data. Starting from the common definition of standard minority and majority agents with binary strategies, we prove their equivalence to optimal decision trees. This efficient representation allows us to exhaustively test all meaningful single agent models for their potential anomalous investment performance, which we apply to the NASDAQ Composite index over the last 20 years. We uncover large significant predictive power, with anomalous Sharpe ratio and directional accuracy, in particular during the dotcom bubble and crash and the 2008 financial crisis. A principal component analysis reveals transient convergence between the anomalous minority and majority models. A novel combination of the optimal single-agent models of both classes into a two-agents model leads to remarkable superior investment performance, especially during the periods of bubbles and crashes. Our design opens the field of ABMs to construct novel types of advanced warning systems of market crises, based on the emergent collective intelligence of ABMs built on carefully designed optimal decision trees that can be reversed engineered from real financial data.},
    number = {3},
    doi = {10.1371/journal.pone.0193290},
    file={Docs/journal.pone.0193290.pdf}
}



@ARTICLE{2018PhyA..509.1080X,
   author = {{Xu}, X.-J. and {Wang}, K. and {Zhu}, L. and {Zhang}, L.-J.},
    title = "{Efficient construction of threshold networks of stock markets}",
  journal = {Physica A Statistical Mechanics and its Applications},
archivePrefix = "arXiv",
   eprint = {1803.06223},
 primaryClass = "q-fin.ST",
 keywords = {Threshold network, Parameter estimation, Stock market},
     year = 2018,
    month = nov,
   volume = 509,
    pages = {1080-1086},
      doi = {10.1016/j.physa.2018.06.083},
   adsurl = {http://adsabs.harvard.edu/abs/2018PhyA..509.1080X},
  adsnote = {Provided by the SAO/NASA Astrophysics Data System},
  file={Docs/1803.06223.pdf}
}



@InProceedings{10.1007/978-3-319-96661-8_12,
author="Vi{\'e}, Aymeric",
editor="Morales, Alfredo J.
and Gershenson, Carlos
and Braha, Dan
and Minai, Ali A.
and Bar-Yam, Yaneer",
title="Selecting Information in Financial Markets Herding and Opinion Swings in a Heterogeneous Mimetic Rational Agent-Based Model",
booktitle="Unifying Themes in Complex Systems IX",
year="2018",
publisher="Springer International Publishing",
address="Cham",
pages="120--128",
abstract="As expectations are driven by information, its selection is central in explaining common knowledge building and unraveling in financial markets. This paper addresses this information selection problem by proposing imitation as a key mechanism to explain opinion dynamics. Behavioral and cognitive approaches are combined to design mimetic rational agents able to infer and imitate each other's choices and strategies in opinion making process. Model simulations tend to reproduce stylized facts of financial markets such as opinion swings, innovation diffusion, social differentiation and existence of positive feedback loops. The influence of imitation reliability and information precision on opinion dynamics is discussed. The results shed light on two competing aspects of imitation behavior: building collective consensus and favoring innovation diffusion. The role of contrarian and individualistic attitudes in triggering large-scale changes is highlighted. From the results, some policy recommendations to reach better financial markets stability through opinion dynamics management are finally presented.",
isbn="978-3-319-96661-8",
file={Docs/10.1007@978-3-319-96661-812.pdf}
}



@article{lamarche2018coexistence,
  title={Coexistence of several currencies in presence of increasing returns to adoption},
  author={Lamarche-Perrin, Alex and Orl{\'e}an, Andr{\'e} and Jensen, Pablo},
  journal={Physica A: Statistical Mechanics and its Applications},
  volume={496},
  pages={612--619},
  year={2018},
  publisher={Elsevier},
  file={Docs/1801.04218.pdf}
}

@article{quax2018information,
  title={Information processing features can detect behavioral regimes of dynamical systems},
  author={Quax, Rick and Chliamovitch, Gregor and Dupuis, Alexandre and Falcone, Jean-Luc and Chopard, Bastien and Hoekstra, Alfons G and Sloot, Peter},
  journal={Complexity},
  volume={2018},
  year={2018},
  publisher={Hindawi},
  file={Docs/1709.09447.pdf}
}


@article{li2016geography,
	Author = {Li, Xing and Qiu, Tian and Chen, Guang and Zhong, Li-Xin and Jiang, Xiong-Fei},
	Date-Added = {2016-03-14 19:01:41 +0000},
	Date-Modified = {2016-03-14 19:01:41 +0000},
	Journal = {arXiv preprint arXiv:1601.01753},
	Title = {Geography and distance effect on financial dynamics in the Chinese stock market},
	Year = {2016},
	Bdsk-File-1 = {YnBsaXN0MDDUAQIDBAUGJCVYJHZlcnNpb25YJG9iamVjdHNZJGFyY2hpdmVyVCR0b3ASAAGGoKgHCBMUFRYaIVUkbnVsbNMJCgsMDxJXTlMua2V5c1pOUy5vYmplY3RzViRjbGFzc6INDoACgAOiEBGABIAFgAdccmVsYXRpdmVQYXRoWWFsaWFzRGF0YV8QFURvY3MvMTYwMS4wMTc1M3YxLnBkZtIXCxgZV05TLmRhdGFPEQIUAAAAAAIUAAIAAAxNYWNpbnRvc2ggSEQAAAAAAAAAAAAAAAAAAADKQQYMSCsAAAQnznQQMTYwMS4wMTc1M3YxLnBkZgAAAAAAAAAAAAAAAAAAAAAAAAAAAAAAAAAAAAAAAAAAAAAAAAAAAAAAAAAAAAAAA/kmU9K9wfUAAAAAAAAAAAABAAMAAAkgAAAAAAAAAAAAAAAAAAAABERvY3MAEAAIAADKQOnsAAAAEQAIAADSvbPlAAAAAQAgBCfOdAQnzm0Dsb35AKmYegCQwikABQIVAAUCFAAAvuwAAgB5TWFjaW50b3NoIEhEOlVzZXJzOgBKdXN0ZToARG9jdW1lbnRzOgBDb21wbGV4U3lzdGVtczoAQmlibGlvOgBEb21haW5TcGVjaWZpYzoAUXVhbnRpdGF0aXZlRmluYW5jZToARG9jczoAMTYwMS4wMTc1M3YxLnBkZgAADgAiABAAMQA2ADAAMQAuADAAMQA3ADUAMwB2ADEALgBwAGQAZgAPABoADABNAGEAYwBpAG4AdABvAHMAaAAgAEgARAASAGRVc2Vycy9KdXN0ZS9Eb2N1bWVudHMvQ29tcGxleFN5c3RlbXMvQmlibGlvL0RvbWFpblNwZWNpZmljL1F1YW50aXRhdGl2ZUZpbmFuY2UvRG9jcy8xNjAxLjAxNzUzdjEucGRmABMAAS8AABUAAgAM//8AAIAG0hscHR5aJGNsYXNzbmFtZVgkY2xhc3Nlc11OU011dGFibGVEYXRhox0fIFZOU0RhdGFYTlNPYmplY3TSGxwiI1xOU0RpY3Rpb25hcnmiIiBfEA9OU0tleWVkQXJjaGl2ZXLRJidUcm9vdIABAAgAEQAaACMALQAyADcAQABGAE0AVQBgAGcAagBsAG4AcQBzAHUAdwCEAI4ApgCrALMCywLNAtIC3QLmAvQC+AL/AwgDDQMaAx0DLwMyAzcAAAAAAAACAQAAAAAAAAAoAAAAAAAAAAAAAAAAAAADOQ==}}

@article{delellis2015wealth,
	Author = {DeLellis, Pietro and Garofalo, Franco and Iudice, Francesco Lo and Napoletano, Elena},
	Date-Added = {2016-03-14 18:52:49 +0000},
	Date-Modified = {2016-03-14 18:52:49 +0000},
	Journal = {New Journal of Physics},
	Number = {8},
	Pages = {083003},
	Publisher = {IOP Publishing},
	Title = {Wealth distribution across communities of adaptive financial agents},
	Volume = {17},
	Year = {2015},
	Bdsk-File-1 = {YnBsaXN0MDDUAQIDBAUGJCVYJHZlcnNpb25YJG9iamVjdHNZJGFyY2hpdmVyVCR0b3ASAAGGoKgHCBMUFRYaIVUkbnVsbNMJCgsMDxJXTlMua2V5c1pOUy5vYmplY3RzViRjbGFzc6INDoACgAOiEBGABIAFgAdccmVsYXRpdmVQYXRoWWFsaWFzRGF0YV8QFURvY3MvMTUwOS4wMTIxN3YxLnBkZtIXCxgZV05TLmRhdGFPEQIUAAAAAAIUAAIAAAxNYWNpbnRvc2ggSEQAAAAAAAAAAAAAAAAAAADKQQYMSCsAAAQnznQQMTUwOS4wMTIxN3YxLnBkZgAAAAAAAAAAAAAAAAAAAAAAAAAAAAAAAAAAAAAAAAAAAAAAAAAAAAAAAAAAAAAAAyPuadIWKMkAAAAAAAAAAAABAAMAAAkgAAAAAAAAAAAAAAAAAAAABERvY3MAEAAIAADKQOnsAAAAEQAIAADSFgypAAAAAQAgBCfOdAQnzm0Dsb35AKmYegCQwikABQIVAAUCFAAAvuwAAgB5TWFjaW50b3NoIEhEOlVzZXJzOgBKdXN0ZToARG9jdW1lbnRzOgBDb21wbGV4U3lzdGVtczoAQmlibGlvOgBEb21haW5TcGVjaWZpYzoAUXVhbnRpdGF0aXZlRmluYW5jZToARG9jczoAMTUwOS4wMTIxN3YxLnBkZgAADgAiABAAMQA1ADAAOQAuADAAMQAyADEANwB2ADEALgBwAGQAZgAPABoADABNAGEAYwBpAG4AdABvAHMAaAAgAEgARAASAGRVc2Vycy9KdXN0ZS9Eb2N1bWVudHMvQ29tcGxleFN5c3RlbXMvQmlibGlvL0RvbWFpblNwZWNpZmljL1F1YW50aXRhdGl2ZUZpbmFuY2UvRG9jcy8xNTA5LjAxMjE3djEucGRmABMAAS8AABUAAgAM//8AAIAG0hscHR5aJGNsYXNzbmFtZVgkY2xhc3Nlc11OU011dGFibGVEYXRhox0fIFZOU0RhdGFYTlNPYmplY3TSGxwiI1xOU0RpY3Rpb25hcnmiIiBfEA9OU0tleWVkQXJjaGl2ZXLRJidUcm9vdIABAAgAEQAaACMALQAyADcAQABGAE0AVQBgAGcAagBsAG4AcQBzAHUAdwCEAI4ApgCrALMCywLNAtIC3QLmAvQC+AL/AwgDDQMaAx0DLwMyAzcAAAAAAAACAQAAAAAAAAAoAAAAAAAAAAAAAAAAAAADOQ==}}

@article{challet2015moment,
	Author = {Challet, Damien},
	Date-Added = {2016-03-14 18:29:30 +0000},
	Date-Modified = {2016-03-14 18:29:30 +0000},
	Journal = {arXiv preprint arXiv:1505.01333},
	Title = {Moment-free Sharpe ratio estimation from total drawdown durations},
	Year = {2015},
	Bdsk-File-1 = {YnBsaXN0MDDUAQIDBAUGJCVYJHZlcnNpb25YJG9iamVjdHNZJGFyY2hpdmVyVCR0b3ASAAGGoKgHCBMUFRYaIVUkbnVsbNMJCgsMDxJXTlMua2V5c1pOUy5vYmplY3RzViRjbGFzc6INDoACgAOiEBGABIAFgAdccmVsYXRpdmVQYXRoWWFsaWFzRGF0YV8QFURvY3MvMTUwNS4wMTMzM3YyLnBkZtIXCxgZV05TLmRhdGFPEQIUAAAAAAIUAAIAAAxNYWNpbnRvc2ggSEQAAAAAAAAAAAAAAAAAAADKQQYMSCsAAAQnznQQMTUwNS4wMTMzM3YyLnBkZgAAAAAAAAAAAAAAAAAAAAAAAAAAAAAAAAAAAAAAAAAAAAAAAAAAAAAAAAAAAAAAA2IPz9I4PuMAAAAAAAAAAAABAAMAAAkgAAAAAAAAAAAAAAAAAAAABERvY3MAEAAIAADKQOnsAAAAEQAIAADSOCLDAAAAAQAgBCfOdAQnzm0Dsb35AKmYegCQwikABQIVAAUCFAAAvuwAAgB5TWFjaW50b3NoIEhEOlVzZXJzOgBKdXN0ZToARG9jdW1lbnRzOgBDb21wbGV4U3lzdGVtczoAQmlibGlvOgBEb21haW5TcGVjaWZpYzoAUXVhbnRpdGF0aXZlRmluYW5jZToARG9jczoAMTUwNS4wMTMzM3YyLnBkZgAADgAiABAAMQA1ADAANQAuADAAMQAzADMAMwB2ADIALgBwAGQAZgAPABoADABNAGEAYwBpAG4AdABvAHMAaAAgAEgARAASAGRVc2Vycy9KdXN0ZS9Eb2N1bWVudHMvQ29tcGxleFN5c3RlbXMvQmlibGlvL0RvbWFpblNwZWNpZmljL1F1YW50aXRhdGl2ZUZpbmFuY2UvRG9jcy8xNTA1LjAxMzMzdjIucGRmABMAAS8AABUAAgAM//8AAIAG0hscHR5aJGNsYXNzbmFtZVgkY2xhc3Nlc11OU011dGFibGVEYXRhox0fIFZOU0RhdGFYTlNPYmplY3TSGxwiI1xOU0RpY3Rpb25hcnmiIiBfEA9OU0tleWVkQXJjaGl2ZXLRJidUcm9vdIABAAgAEQAaACMALQAyADcAQABGAE0AVQBgAGcAagBsAG4AcQBzAHUAdwCEAI4ApgCrALMCywLNAtIC3QLmAvQC+AL/AwgDDQMaAx0DLwMyAzcAAAAAAAACAQAAAAAAAAAoAAAAAAAAAAAAAAAAAAADOQ==}}

@article{jurczyk2015cross,
	Author = {Jurczyk, Jan and Eckrot, Alexander},
	Date-Added = {2016-03-14 18:26:38 +0000},
	Date-Modified = {2016-03-14 18:26:38 +0000},
	Journal = {arXiv preprint arXiv:1502.07367},
	Title = {Cross correlations in European government bonds and EuroStoxx},
	Year = {2015},
	Bdsk-File-1 = {YnBsaXN0MDDUAQIDBAUGJCVYJHZlcnNpb25YJG9iamVjdHNZJGFyY2hpdmVyVCR0b3ASAAGGoKgHCBMUFRYaIVUkbnVsbNMJCgsMDxJXTlMua2V5c1pOUy5vYmplY3RzViRjbGFzc6INDoACgAOiEBGABIAFgAdccmVsYXRpdmVQYXRoWWFsaWFzRGF0YV8QFURvY3MvMTUwMi4wNzM2N3YzLnBkZtIXCxgZV05TLmRhdGFPEQIUAAAAAAIUAAIAAAxNYWNpbnRvc2ggSEQAAAAAAAAAAAAAAAAAAADKQQYMSCsAAAQnznQQMTUwMi4wNzM2N3YzLnBkZgAAAAAAAAAAAAAAAAAAAAAAAAAAAAAAAAAAAAAAAAAAAAAAAAAAAAAAAAAAAAAAAtu3OdHEZkwAAAAAAAAAAAABAAMAAAkgAAAAAAAAAAAAAAAAAAAABERvY3MAEAAIAADKQOnsAAAAEQAIAADRxEosAAAAAQAgBCfOdAQnzm0Dsb35AKmYegCQwikABQIVAAUCFAAAvuwAAgB5TWFjaW50b3NoIEhEOlVzZXJzOgBKdXN0ZToARG9jdW1lbnRzOgBDb21wbGV4U3lzdGVtczoAQmlibGlvOgBEb21haW5TcGVjaWZpYzoAUXVhbnRpdGF0aXZlRmluYW5jZToARG9jczoAMTUwMi4wNzM2N3YzLnBkZgAADgAiABAAMQA1ADAAMgAuADAANwAzADYANwB2ADMALgBwAGQAZgAPABoADABNAGEAYwBpAG4AdABvAHMAaAAgAEgARAASAGRVc2Vycy9KdXN0ZS9Eb2N1bWVudHMvQ29tcGxleFN5c3RlbXMvQmlibGlvL0RvbWFpblNwZWNpZmljL1F1YW50aXRhdGl2ZUZpbmFuY2UvRG9jcy8xNTAyLjA3MzY3djMucGRmABMAAS8AABUAAgAM//8AAIAG0hscHR5aJGNsYXNzbmFtZVgkY2xhc3Nlc11OU011dGFibGVEYXRhox0fIFZOU0RhdGFYTlNPYmplY3TSGxwiI1xOU0RpY3Rpb25hcnmiIiBfEA9OU0tleWVkQXJjaGl2ZXLRJidUcm9vdIABAAgAEQAaACMALQAyADcAQABGAE0AVQBgAGcAagBsAG4AcQBzAHUAdwCEAI4ApgCrALMCywLNAtIC3QLmAvQC+AL/AwgDDQMaAx0DLwMyAzcAAAAAAAACAQAAAAAAAAAoAAAAAAAAAAAAAAAAAAADOQ==}}

@article{silva2015modular,
	Author = {Silva, Filipi N and Comin, Cesar H and Peron, Thomas K and Rodrigues, Francisco A and Ye, Cheng and Wilson, Richard C and Hancock, Edwin and Costa, Luciano da F},
	Date-Added = {2016-03-14 18:24:38 +0000},
	Date-Modified = {2016-03-14 18:24:38 +0000},
	Journal = {arXiv preprint arXiv:1501.05040},
	Title = {Modular Dynamics of Financial Market Networks},
	Year = {2015},
	Bdsk-File-1 = {YnBsaXN0MDDUAQIDBAUGJCVYJHZlcnNpb25YJG9iamVjdHNZJGFyY2hpdmVyVCR0b3ASAAGGoKgHCBMUFRYaIVUkbnVsbNMJCgsMDxJXTlMua2V5c1pOUy5vYmplY3RzViRjbGFzc6INDoACgAOiEBGABIAFgAdccmVsYXRpdmVQYXRoWWFsaWFzRGF0YV8QFURvY3MvMTUwMS4wNTA0MHYzLnBkZtIXCxgZV05TLmRhdGFPEQIUAAAAAAIUAAIAAAxNYWNpbnRvc2ggSEQAAAAAAAAAAAAAAAAAAADKQQYMSCsAAAQnznQQMTUwMS4wNTA0MHYzLnBkZgAAAAAAAAAAAAAAAAAAAAAAAAAAAAAAAAAAAAAAAAAAAAAAAAAAAAAAAAAAAAAAAu7HhtHgEYsAAAAAAAAAAAABAAMAAAkgAAAAAAAAAAAAAAAAAAAABERvY3MAEAAIAADKQOnsAAAAEQAIAADR3/VrAAAAAQAgBCfOdAQnzm0Dsb35AKmYegCQwikABQIVAAUCFAAAvuwAAgB5TWFjaW50b3NoIEhEOlVzZXJzOgBKdXN0ZToARG9jdW1lbnRzOgBDb21wbGV4U3lzdGVtczoAQmlibGlvOgBEb21haW5TcGVjaWZpYzoAUXVhbnRpdGF0aXZlRmluYW5jZToARG9jczoAMTUwMS4wNTA0MHYzLnBkZgAADgAiABAAMQA1ADAAMQAuADAANQAwADQAMAB2ADMALgBwAGQAZgAPABoADABNAGEAYwBpAG4AdABvAHMAaAAgAEgARAASAGRVc2Vycy9KdXN0ZS9Eb2N1bWVudHMvQ29tcGxleFN5c3RlbXMvQmlibGlvL0RvbWFpblNwZWNpZmljL1F1YW50aXRhdGl2ZUZpbmFuY2UvRG9jcy8xNTAxLjA1MDQwdjMucGRmABMAAS8AABUAAgAM//8AAIAG0hscHR5aJGNsYXNzbmFtZVgkY2xhc3Nlc11OU011dGFibGVEYXRhox0fIFZOU0RhdGFYTlNPYmplY3TSGxwiI1xOU0RpY3Rpb25hcnmiIiBfEA9OU0tleWVkQXJjaGl2ZXLRJidUcm9vdIABAAgAEQAaACMALQAyADcAQABGAE0AVQBgAGcAagBsAG4AcQBzAHUAdwCEAI4ApgCrALMCywLNAtIC3QLmAvQC+AL/AwgDDQMaAx0DLwMyAzcAAAAAAAACAQAAAAAAAAAoAAAAAAAAAAAAAAAAAAADOQ==}}

@article{battiston2016complexity,
	Author = {Battiston, Stefano and Farmer, J Doyne and Flache, Andreas and Garlaschelli, Diego and Haldane, Andrew G and Heesterbeek, Hans and Hommes, Cars and Jaeger, Carlo and May, Robert and Scheffer, Marten},
	Date-Added = {2016-03-14 17:48:56 +0000},
	Date-Modified = {2016-03-14 17:48:56 +0000},
	Journal = {Science},
	Number = {6275},
	Pages = {818--819},
	Publisher = {American Association for the Advancement of Science},
	Title = {Complexity theory and financial regulation},
	Volume = {351},
	Year = {2016},
	Bdsk-File-1 = {YnBsaXN0MDDUAQIDBAUGJCVYJHZlcnNpb25YJG9iamVjdHNZJGFyY2hpdmVyVCR0b3ASAAGGoKgHCBMUFRYaIVUkbnVsbNMJCgsMDxJXTlMua2V5c1pOUy5vYmplY3RzViRjbGFzc6INDoACgAOiEBGABIAFgAdccmVsYXRpdmVQYXRoWWFsaWFzRGF0YV8QEURvY3MvODE4LmZ1bGwucGRm0hcLGBlXTlMuZGF0YU8RAgQAAAAAAgQAAgAADE1hY2ludG9zaCBIRAAAAAAAAAAAAAAAAAAAAMpBBgxIKwAABCfOdAw4MTguZnVsbC5wZGYAAAAAAAAAAAAAAAAAAAAAAAAAAAAAAAAAAAAAAAAAAAAAAAAAAAAAAAAAAAAAAAAAAAAEF7C50vCiugAAAAAAAAAAAAEAAwAACSAAAAAAAAAAAAAAAAAAAAAERG9jcwAQAAgAAMpA6ewAAAARAAgAANLwlKoAAAABACAEJ850BCfObQOxvfkAqZh6AJDCKQAFAhUABQIUAAC+7AACAHVNYWNpbnRvc2ggSEQ6VXNlcnM6AEp1c3RlOgBEb2N1bWVudHM6AENvbXBsZXhTeXN0ZW1zOgBCaWJsaW86AERvbWFpblNwZWNpZmljOgBRdWFudGl0YXRpdmVGaW5hbmNlOgBEb2NzOgA4MTguZnVsbC5wZGYAAA4AGgAMADgAMQA4AC4AZgB1AGwAbAAuAHAAZABmAA8AGgAMAE0AYQBjAGkAbgB0AG8AcwBoACAASABEABIAYFVzZXJzL0p1c3RlL0RvY3VtZW50cy9Db21wbGV4U3lzdGVtcy9CaWJsaW8vRG9tYWluU3BlY2lmaWMvUXVhbnRpdGF0aXZlRmluYW5jZS9Eb2NzLzgxOC5mdWxsLnBkZgATAAEvAAAVAAIADP//AACABtIbHB0eWiRjbGFzc25hbWVYJGNsYXNzZXNdTlNNdXRhYmxlRGF0YaMdHyBWTlNEYXRhWE5TT2JqZWN00hscIiNcTlNEaWN0aW9uYXJ5oiIgXxAPTlNLZXllZEFyY2hpdmVy0SYnVHJvb3SAAQAIABEAGgAjAC0AMgA3AEAARgBNAFUAYABnAGoAbABuAHEAcwB1AHcAhACOAKIApwCvArcCuQK+AskC0gLgAuQC6wL0AvkDBgMJAxsDHgMjAAAAAAAAAgEAAAAAAAAAKAAAAAAAAAAAAAAAAAAAAyU=}}

@article{tan2015volatilities,
	Author = {Tan, Lei and Zheng, Bo and Chen, Jun-Jie and Jiang, Xiong-Fei},
	Date-Added = {2016-03-14 14:13:18 +0000},
	Date-Modified = {2016-03-14 14:13:18 +0000},
	Journal = {PloS one},
	Number = {2},
	Pages = {e0118399},
	Publisher = {Public Library of Science},
	Title = {How volatilities nonlocal in time affect the price dynamics in complex financial systems},
	Volume = {10},
	Year = {2015},
	Bdsk-File-1 = {YnBsaXN0MDDUAQIDBAUGJCVYJHZlcnNpb25YJG9iamVjdHNZJGFyY2hpdmVyVCR0b3ASAAGGoKgHCBMUFRYaIVUkbnVsbNMJCgsMDxJXTlMua2V5c1pOUy5vYmplY3RzViRjbGFzc6INDoACgAOiEBGABIAFgAdccmVsYXRpdmVQYXRoWWFsaWFzRGF0YV8QHURvY3Mvam91cm5hbC5wb25lLjAxMTgzOTkucGRm0hcLGBlXTlMuZGF0YU8RAjQAAAAAAjQAAgAADE1hY2ludG9zaCBIRAAAAAAAAAAAAAAAAAAAAMpBBgxIKwAABCfOdBhqb3VybmFsLnBvbmUuMDExODM5OS5wZGYAAAAAAAAAAAAAAAAAAAAAAAAAAAAAAAAAAAAAAAAAAAAAAAAAAAADcB+J0krCWQAAAAAAAAAAAAEAAwAACSAAAAAAAAAAAAAAAAAAAAAERG9jcwAQAAgAAMpA6ewAAAARAAgAANJKpjkAAAABACAEJ850BCfObQOxvfkAqZh6AJDCKQAFAhUABQIUAAC+7AACAIFNYWNpbnRvc2ggSEQ6VXNlcnM6AEp1c3RlOgBEb2N1bWVudHM6AENvbXBsZXhTeXN0ZW1zOgBCaWJsaW86AERvbWFpblNwZWNpZmljOgBRdWFudGl0YXRpdmVGaW5hbmNlOgBEb2NzOgBqb3VybmFsLnBvbmUuMDExODM5OS5wZGYAAA4AMgAYAGoAbwB1AHIAbgBhAGwALgBwAG8AbgBlAC4AMAAxADEAOAAzADkAOQAuAHAAZABmAA8AGgAMAE0AYQBjAGkAbgB0AG8AcwBoACAASABEABIAbFVzZXJzL0p1c3RlL0RvY3VtZW50cy9Db21wbGV4U3lzdGVtcy9CaWJsaW8vRG9tYWluU3BlY2lmaWMvUXVhbnRpdGF0aXZlRmluYW5jZS9Eb2NzL2pvdXJuYWwucG9uZS4wMTE4Mzk5LnBkZgATAAEvAAAVAAIADP//AACABtIbHB0eWiRjbGFzc25hbWVYJGNsYXNzZXNdTlNNdXRhYmxlRGF0YaMdHyBWTlNEYXRhWE5TT2JqZWN00hscIiNcTlNEaWN0aW9uYXJ5oiIgXxAPTlNLZXllZEFyY2hpdmVy0SYnVHJvb3SAAQAIABEAGgAjAC0AMgA3AEAARgBNAFUAYABnAGoAbABuAHEAcwB1AHcAhACOAK4AswC7AvMC9QL6AwUDDgMcAyADJwMwAzUDQgNFA1cDWgNfAAAAAAAAAgEAAAAAAAAAKAAAAAAAAAAAAAAAAAAAA2E=}}

@article{smerlak2015mapping,
	Author = {Smerlak, Matteo and Stoll, Brady and Gupta, Agam and Magdanz, James S},
	Date-Added = {2016-03-14 14:11:54 +0000},
	Date-Modified = {2016-03-14 14:11:54 +0000},
	Journal = {PloS one},
	Number = {7},
	Pages = {e0130948},
	Publisher = {Public Library of Science},
	Title = {Mapping systemic risk: critical degree and failures distribution in financial networks},
	Volume = {10},
	Year = {2015},
	Bdsk-File-1 = {YnBsaXN0MDDUAQIDBAUGJCVYJHZlcnNpb25YJG9iamVjdHNZJGFyY2hpdmVyVCR0b3ASAAGGoKgHCBMUFRYaIVUkbnVsbNMJCgsMDxJXTlMua2V5c1pOUy5vYmplY3RzViRjbGFzc6INDoACgAOiEBGABIAFgAdccmVsYXRpdmVQYXRoWWFsaWFzRGF0YV8QHURvY3Mvam91cm5hbC5wb25lLjAxMzA5NDgucGRm0hcLGBlXTlMuZGF0YU8RAjQAAAAAAjQAAgAADE1hY2ludG9zaCBIRAAAAAAAAAAAAAAAAAAAAMpBBgxIKwAABCfOdBhqb3VybmFsLnBvbmUuMDEzMDk0OC5wZGYAAAAAAAAAAAAAAAAAAAAAAAAAAAAAAAAAAAAAAAAAAAAAAAAAAAADCAak0fOrGAAAAAAAAAAAAAEAAwAACSAAAAAAAAAAAAAAAAAAAAAERG9jcwAQAAgAAMpA6ewAAAARAAgAANHzjvgAAAABACAEJ850BCfObQOxvfkAqZh6AJDCKQAFAhUABQIUAAC+7AACAIFNYWNpbnRvc2ggSEQ6VXNlcnM6AEp1c3RlOgBEb2N1bWVudHM6AENvbXBsZXhTeXN0ZW1zOgBCaWJsaW86AERvbWFpblNwZWNpZmljOgBRdWFudGl0YXRpdmVGaW5hbmNlOgBEb2NzOgBqb3VybmFsLnBvbmUuMDEzMDk0OC5wZGYAAA4AMgAYAGoAbwB1AHIAbgBhAGwALgBwAG8AbgBlAC4AMAAxADMAMAA5ADQAOAAuAHAAZABmAA8AGgAMAE0AYQBjAGkAbgB0AG8AcwBoACAASABEABIAbFVzZXJzL0p1c3RlL0RvY3VtZW50cy9Db21wbGV4U3lzdGVtcy9CaWJsaW8vRG9tYWluU3BlY2lmaWMvUXVhbnRpdGF0aXZlRmluYW5jZS9Eb2NzL2pvdXJuYWwucG9uZS4wMTMwOTQ4LnBkZgATAAEvAAAVAAIADP//AACABtIbHB0eWiRjbGFzc25hbWVYJGNsYXNzZXNdTlNNdXRhYmxlRGF0YaMdHyBWTlNEYXRhWE5TT2JqZWN00hscIiNcTlNEaWN0aW9uYXJ5oiIgXxAPTlNLZXllZEFyY2hpdmVy0SYnVHJvb3SAAQAIABEAGgAjAC0AMgA3AEAARgBNAFUAYABnAGoAbABuAHEAcwB1AHcAhACOAK4AswC7AvMC9QL6AwUDDgMcAyADJwMwAzUDQgNFA1cDWgNfAAAAAAAAAgEAAAAAAAAAKAAAAAAAAAAAAAAAAAAAA2E=}}

@article{tan2016exploring,
	Author = {Tan, Lei and Chen, Jun-Jie and Zheng, Bo and Ouyang, Fang-Yan},
	Date-Added = {2016-03-14 14:05:22 +0000},
	Date-Modified = {2016-03-14 14:05:22 +0000},
	Journal = {PloS one},
	Number = {2},
	Pages = {e0149648},
	Publisher = {Public Library of Science},
	Title = {Exploring Market State and Stock Interactions on the Minute Timescale},
	Volume = {11},
	Year = {2016},
	Bdsk-File-1 = {YnBsaXN0MDDUAQIDBAUGJCVYJHZlcnNpb25YJG9iamVjdHNZJGFyY2hpdmVyVCR0b3ASAAGGoKgHCBMUFRYaIVUkbnVsbNMJCgsMDxJXTlMua2V5c1pOUy5vYmplY3RzViRjbGFzc6INDoACgAOiEBGABIAFgAdccmVsYXRpdmVQYXRoWWFsaWFzRGF0YV8QHURvY3Mvam91cm5hbC5wb25lLjAxNDk2NDguUERG0hcLGBlXTlMuZGF0YU8RAjQAAAAAAjQAAgAADE1hY2ludG9zaCBIRAAAAAAAAAAAAAAAAAAAAMpBBgxIKwAABCfOdBhqb3VybmFsLnBvbmUuMDE0OTY0OC5QREYAAAAAAAAAAAAAAAAAAAAAAAAAAAAAAAAAAAAAAAAAAAAAAAAAAAAEJQA00wYC1QAAAAAAAAAAAAEAAwAACSAAAAAAAAAAAAAAAAAAAAAERG9jcwAQAAgAAMpA6ewAAAARAAgAANMF9MUAAAABACAEJ850BCfObQOxvfkAqZh6AJDCKQAFAhUABQIUAAC+7AACAIFNYWNpbnRvc2ggSEQ6VXNlcnM6AEp1c3RlOgBEb2N1bWVudHM6AENvbXBsZXhTeXN0ZW1zOgBCaWJsaW86AERvbWFpblNwZWNpZmljOgBRdWFudGl0YXRpdmVGaW5hbmNlOgBEb2NzOgBqb3VybmFsLnBvbmUuMDE0OTY0OC5QREYAAA4AMgAYAGoAbwB1AHIAbgBhAGwALgBwAG8AbgBlAC4AMAAxADQAOQA2ADQAOAAuAFAARABGAA8AGgAMAE0AYQBjAGkAbgB0AG8AcwBoACAASABEABIAbFVzZXJzL0p1c3RlL0RvY3VtZW50cy9Db21wbGV4U3lzdGVtcy9CaWJsaW8vRG9tYWluU3BlY2lmaWMvUXVhbnRpdGF0aXZlRmluYW5jZS9Eb2NzL2pvdXJuYWwucG9uZS4wMTQ5NjQ4LlBERgATAAEvAAAVAAIADP//AACABtIbHB0eWiRjbGFzc25hbWVYJGNsYXNzZXNdTlNNdXRhYmxlRGF0YaMdHyBWTlNEYXRhWE5TT2JqZWN00hscIiNcTlNEaWN0aW9uYXJ5oiIgXxAPTlNLZXllZEFyY2hpdmVy0SYnVHJvb3SAAQAIABEAGgAjAC0AMgA3AEAARgBNAFUAYABnAGoAbABuAHEAcwB1AHcAhACOAK4AswC7AvMC9QL6AwUDDgMcAyADJwMwAzUDQgNFA1cDWgNfAAAAAAAAAgEAAAAAAAAAKAAAAAAAAAAAAAAAAAAAA2E=}}

@article{brummitt2015cascades,
	Author = {Brummitt, Charles D and Kobayashi, Teruyoshi},
	Date-Added = {2016-03-14 13:45:33 +0000},
	Date-Modified = {2016-03-14 13:45:33 +0000},
	Journal = {Physical Review E},
	Number = {6},
	Pages = {062813},
	Publisher = {APS},
	Title = {Cascades in multiplex financial networks with debts of different seniority},
	Volume = {91},
	Year = {2015},
	Bdsk-File-1 = {YnBsaXN0MDDUAQIDBAUGJCVYJHZlcnNpb25YJG9iamVjdHNZJGFyY2hpdmVyVCR0b3ASAAGGoKgHCBMUFRYaIVUkbnVsbNMJCgsMDxJXTlMua2V5c1pOUy5vYmplY3RzViRjbGFzc6INDoACgAOiEBGABIAFgAdccmVsYXRpdmVQYXRoWWFsaWFzRGF0YV8QG0RvY3MvUGh5c1JldkUuOTEuMDYyODEzLnBkZtIXCxgZV05TLmRhdGFPEQIsAAAAAAIsAAIAAAxNYWNpbnRvc2ggSEQAAAAAAAAAAAAAAAAAAADKQQYMSCsAAAQnznQWUGh5c1JldkUuOTEuMDYyODEzLnBkZgAAAAAAAAAAAAAAAAAAAAAAAAAAAAAAAAAAAAAAAAAAAAAAAAAAAAAAArHuTdG51u4AAAAAAAAAAAABAAMAAAkgAAAAAAAAAAAAAAAAAAAABERvY3MAEAAIAADKQOnsAAAAEQAIAADRubrOAAAAAQAgBCfOdAQnzm0Dsb35AKmYegCQwikABQIVAAUCFAAAvuwAAgB/TWFjaW50b3NoIEhEOlVzZXJzOgBKdXN0ZToARG9jdW1lbnRzOgBDb21wbGV4U3lzdGVtczoAQmlibGlvOgBEb21haW5TcGVjaWZpYzoAUXVhbnRpdGF0aXZlRmluYW5jZToARG9jczoAUGh5c1JldkUuOTEuMDYyODEzLnBkZgAADgAuABYAUABoAHkAcwBSAGUAdgBFAC4AOQAxAC4AMAA2ADIAOAAxADMALgBwAGQAZgAPABoADABNAGEAYwBpAG4AdABvAHMAaAAgAEgARAASAGpVc2Vycy9KdXN0ZS9Eb2N1bWVudHMvQ29tcGxleFN5c3RlbXMvQmlibGlvL0RvbWFpblNwZWNpZmljL1F1YW50aXRhdGl2ZUZpbmFuY2UvRG9jcy9QaHlzUmV2RS45MS4wNjI4MTMucGRmABMAAS8AABUAAgAM//8AAIAG0hscHR5aJGNsYXNzbmFtZVgkY2xhc3Nlc11OU011dGFibGVEYXRhox0fIFZOU0RhdGFYTlNPYmplY3TSGxwiI1xOU0RpY3Rpb25hcnmiIiBfEA9OU0tleWVkQXJjaGl2ZXLRJidUcm9vdIABAAgAEQAaACMALQAyADcAQABGAE0AVQBgAGcAagBsAG4AcQBzAHUAdwCEAI4ArACxALkC6QLrAvAC+wMEAxIDFgMdAyYDKwM4AzsDTQNQA1UAAAAAAAACAQAAAAAAAAAoAAAAAAAAAAAAAAAAAAADVw==}}

@article{forro2015using,
	Author = {Forr{\'o}, Z and Woodard, R and Sornette, D},
	Date-Added = {2016-03-14 13:44:34 +0000},
	Date-Modified = {2016-03-14 13:44:34 +0000},
	Journal = {Physical Review E},
	Number = {4},
	Pages = {042803},
	Publisher = {APS},
	Title = {Using trading strategies to detect phase transitions in financial markets},
	Volume = {91},
	Year = {2015},
	Bdsk-File-1 = {YnBsaXN0MDDUAQIDBAUGJCVYJHZlcnNpb25YJG9iamVjdHNZJGFyY2hpdmVyVCR0b3ASAAGGoKgHCBMUFRYaIVUkbnVsbNMJCgsMDxJXTlMua2V5c1pOUy5vYmplY3RzViRjbGFzc6INDoACgAOiEBGABIAFgAdccmVsYXRpdmVQYXRoWWFsaWFzRGF0YV8QG0RvY3MvUGh5c1JldkUuOTEuMDQyODAzLnBkZtIXCxgZV05TLmRhdGFPEQIsAAAAAAIsAAIAAAxNYWNpbnRvc2ggSEQAAAAAAAAAAAAAAAAAAADKQQYMSCsAAAQnznQWUGh5c1JldkUuOTEuMDQyODAzLnBkZgAAAAAAAAAAAAAAAAAAAAAAAAAAAAAAAAAAAAAAAAAAAAAAAAAAAAAAAmaN5tFejXkAAAAAAAAAAAABAAMAAAkgAAAAAAAAAAAAAAAAAAAABERvY3MAEAAIAADKQOnsAAAAEQAIAADRXnFZAAAAAQAgBCfOdAQnzm0Dsb35AKmYegCQwikABQIVAAUCFAAAvuwAAgB/TWFjaW50b3NoIEhEOlVzZXJzOgBKdXN0ZToARG9jdW1lbnRzOgBDb21wbGV4U3lzdGVtczoAQmlibGlvOgBEb21haW5TcGVjaWZpYzoAUXVhbnRpdGF0aXZlRmluYW5jZToARG9jczoAUGh5c1JldkUuOTEuMDQyODAzLnBkZgAADgAuABYAUABoAHkAcwBSAGUAdgBFAC4AOQAxAC4AMAA0ADIAOAAwADMALgBwAGQAZgAPABoADABNAGEAYwBpAG4AdABvAHMAaAAgAEgARAASAGpVc2Vycy9KdXN0ZS9Eb2N1bWVudHMvQ29tcGxleFN5c3RlbXMvQmlibGlvL0RvbWFpblNwZWNpZmljL1F1YW50aXRhdGl2ZUZpbmFuY2UvRG9jcy9QaHlzUmV2RS45MS4wNDI4MDMucGRmABMAAS8AABUAAgAM//8AAIAG0hscHR5aJGNsYXNzbmFtZVgkY2xhc3Nlc11OU011dGFibGVEYXRhox0fIFZOU0RhdGFYTlNPYmplY3TSGxwiI1xOU0RpY3Rpb25hcnmiIiBfEA9OU0tleWVkQXJjaGl2ZXLRJidUcm9vdIABAAgAEQAaACMALQAyADcAQABGAE0AVQBgAGcAagBsAG4AcQBzAHUAdwCEAI4ArACxALkC6QLrAvAC+wMEAxIDFgMdAyYDKwM4AzsDTQNQA1UAAAAAAAACAQAAAAAAAAAoAAAAAAAAAAAAAAAAAAADVw==}}
