%% This BibTeX bibliography file was created using BibDesk.
%% http://bibdesk.sourceforge.net/

%% Created for Juste Raimbault at 2018-04-13 14:37:58 +0200 


%% Saved with string encoding Unicode (UTF-8) 



@ARTICLE{2018arXiv180509966M,
   author = {{Morgan}, A.~C. and {Economou}, D. and {Way}, S.~F. and {Clauset}, A.
	},
    title = "{Prestige drives epistemic inequality in the diffusion of scientific ideas}",
  journal = {ArXiv e-prints},
archivePrefix = "arXiv",
   eprint = {1805.09966},
 keywords = {Computer Science - Social and Information Networks, Computer Science - Computers and Society, Physics - Physics and Society},
     year = 2018,
    month = may,
   adsurl = {http://adsabs.harvard.edu/abs/2018arXiv180509966M},
  adsnote = {Provided by the SAO/NASA Astrophysics Data System},
  file={Docs/1805.09966.pdf}
}




@article{bol2018matthew,
  title={The Matthew effect in science funding},
  author={Bol, Thijs and de Vaan, Mathijs and van de Rijt, Arnout},
  journal={Proceedings of the National Academy of Sciences},
  pages={201719557},
  year={2018},
  publisher={National Acad Sciences},
  file={Docs/10.1073@pnas.1719557115.pdf}
}




@article {Bergeaau0116,
	author = {Berg, Jeremy and Campbell, Philip and Kiermer, Veronique and Raikhel, Natasha and Sweet, Deborah},
	title = {Joint statement on EPA proposed rule and public availability of data},
	year = {2018},
	doi = {10.1126/science.aau0116},
	publisher = {American Association for the Advancement of Science},
	issn = {0036-8075},
	URL = {http://science.sciencemag.org/content/early/2018/04/30/science.aau0116},
	eprint = {http://science.sciencemag.org/content/early/2018/04/30/science.aau0116.full.pdf},
	journal = {Science},
	file={Docs/science.aau0116.full.pdf}
}




@misc{verma2017preprint,
  title={Preprint servers facilitate scientific discourse},
  author={Verma, Inder M},
  year={2017},
  publisher={National Acad Sciences},
  file={Docs/PNAS-2017-Verma-12630.pdf}
}


@article{tomkins2017reviewer,
  title={Reviewer bias in single-versus double-blind peer review},
  author={Tomkins, Andrew and Zhang, Min and Heavlin, William D},
  journal={Proceedings of the National Academy of Sciences},
  volume={114},
  number={48},
  pages={12708--12713},
  year={2017},
  publisher={National Acad Sciences},
  file={Docs/PNAS-2017-Tomkins-12708-13.pdf}
}


@article{mensh2017ten,
  title={Ten simple rules for structuring papers},
  author={Mensh, Brett and Kording, Konrad},
  journal={PLoS computational biology},
  volume={13},
  number={9},
  pages={e1005619},
  year={2017},
  publisher={Public Library of Science},
  file={Docs/journal.pcbi.1005619.pdf}
}


@article{edwards2017academic,
  title={Academic research in the 21st century: Maintaining scientific integrity in a climate of perverse incentives and hypercompetition},
  author={Edwards, Marc A and Roy, Siddhartha},
  journal={Environmental Engineering Science},
  volume={34},
  number={1},
  pages={51--61},
  year={2017},
  publisher={Mary Ann Liebert, Inc. 140 Huguenot Street, 3rd Floor New Rochelle, NY 10801 USA},
  file={Docs/ees.2016.0223.pdf}
}


@article{leek2017five,
  title={Five ways to fix statistics},
  author={Leek, Jeff and McShane, Blakeley B and Gelman, Andrew and Colquhoun, David and Nuijten, Mich{\`e}le B and Goodman, Steven N},
  journal={Nature},
  volume={551},
  number={7682},
  pages={557--559},
  year={2017},
  publisher={Nature Publishing Group},
  file={Docs/d41586-017-07522-z.pdf}
}


@article{gay2018climate,
  title={Climate for women in climate science: Women scientists and the Intergovernmental Panel on Climate Change},
  author={Gay-Antaki, Miriam and Liverman, Diana},
  journal={Proceedings of the National Academy of Sciences},
  volume={115},
  number={9},
  pages={2060--2065},
  year={2018},
  publisher={National Acad Sciences},
  file={Docs/2060.full.pdf}
}



@article{alberts2018opinion,
  title={Opinion: How to bring science and technology expertise to state governments},
  author={Alberts, Bruce and Gold, Barry D and Martin, Lora Lee and Maxon, Mary E},
  journal={Proceedings of the National Academy of Sciences},
  volume={115},
  number={9},
  pages={1952--1955},
  year={2018},
  publisher={National Acad Sciences},
  file={Docs/1952.full.pdf}
}



@article{nittrouer2018gender,
  title={Gender disparities in colloquium speakers at top universities},
  author={Nittrouer, Christine L and Hebl, Michelle R and Ashburn-Nardo, Leslie and Trump-Steele, Rachel CE and Lane, David M and Valian, Virginia},
  journal={Proceedings of the National Academy of Sciences},
  volume={115},
  number={1},
  pages={104--108},
  year={2018},
  publisher={National Acad Sciences},
  file = {Docs/10.1073@pnas.1708414115.pdf}
}


@article{levecque2017work,
	Author = {Levecque, Katia and Anseel, Frederik and De Beuckelaer, Alain and Van der Heyden, Johan and Gisle, Lydia},
	Date-Added = {2018-04-13 12:37:23 +0000},
	Date-Modified = {2018-04-13 12:37:23 +0000},
	Journal = {Research Policy},
	Number = {4},
	Pages = {868--879},
	Publisher = {Elsevier},
	Title = {Work organization and mental health problems in PhD students},
	Volume = {46},
	Year = {2017},
	file = {Docs/1-s2.0-S0048733317300422-main.pdf}
	Bdsk-File-1 = {YnBsaXN0MDDUAQIDBAUGJCVYJHZlcnNpb25YJG9iamVjdHNZJGFyY2hpdmVyVCR0b3ASAAGGoKgHCBMUFRYaIVUkbnVsbNMJCgsMDxJXTlMua2V5c1pOUy5vYmplY3RzViRjbGFzc6INDoACgAOiEBGABIAFgAdccmVsYXRpdmVQYXRoWWFsaWFzRGF0YV8QJkRvY3MvMS1zMi4wLVMwMDQ4NzMzMzE3MzAwNDIyLW1haW4ucGRm0hcLGBlXTlMuZGF0YU8RAjYAAAAAAjYAAgAADE1hY2ludG9zaCBIRAAAAAAAAAAAAAAAAAAAANUtdRFIKwAAAD751R8xLXMyLjAtUzAwNDg3MzMzMTczMCMzMzlGOEQucGRmAAAAAAAAAAAAAAAAAAAAAAAAAAAAAAAAAAAAAAAAAAAAM5+N1l8bhwAAAAAAAAAAAAEAAwAACSAAAAAAAAAAAAAAAAAAAAAERG9jcwAQAAgAANUtWPEAAAARAAgAANZfDXcAAAABABwAPvnVACKGUwASNxcAEjYCAAq96QAJqTgABmncAAIAek1hY2ludG9zaCBIRDpVc2VyczoAanVzdGU6AENvbXBsZXhTeXN0ZW1zOgBCaWJsaW86AERvbWFpblNwZWNpZmljOgBBY2FkZW1pY1ByYWN0aWNlOgBEb2NzOgAxLXMyLjAtUzAwNDg3MzMzMTczMCMzMzlGOEQucGRmAA4ARAAhADEALQBzADIALgAwAC0AUwAwADAANAA4ADcAMwAzADMAMQA3ADMAMAAwADQAMgAyAC0AbQBhAGkAbgAuAHAAZABmAA8AGgAMAE0AYQBjAGkAbgB0AG8AcwBoACAASABEABIAaFVzZXJzL2p1c3RlL0NvbXBsZXhTeXN0ZW1zL0JpYmxpby9Eb21haW5TcGVjaWZpYy9BY2FkZW1pY1ByYWN0aWNlL0RvY3MvMS1zMi4wLVMwMDQ4NzMzMzE3MzAwNDIyLW1haW4ucGRmABMAAS8AABUAAgAM//8AAIAG0hscHR5aJGNsYXNzbmFtZVgkY2xhc3Nlc11OU011dGFibGVEYXRhox0fIFZOU0RhdGFYTlNPYmplY3TSGxwiI1xOU0RpY3Rpb25hcnmiIiBfEA9OU0tleWVkQXJjaGl2ZXLRJidUcm9vdIABAAgAEQAaACMALQAyADcAQABGAE0AVQBgAGcAagBsAG4AcQBzAHUAdwCEAI4AtwC8AMQC/gMAAwUDEAMZAycDKwMyAzsDQANNA1ADYgNlA2oAAAAAAAACAQAAAAAAAAAoAAAAAAAAAAAAAAAAAAADbA==}}
