

@article{chapuis2018gen,
	  title={Gen*: a generic toolkit to generate spatially explicit synthetic populations},
	    author={Chapuis, Kevin and Taillandier, Patrick and Renaud, Misslin and Drogoul, Alexis},
	      journal={International Journal of Geographical Information Science},
	        pages={1--17},
		  year={2018},
		    publisher={Taylor \& Francis},
		    file={Docs/10.1080@13658816.2018.1440563.pdf}
}



