


@article{gelfand2005spatial,
  title={Spatial process modelling for univariate and multivariate dynamic spatial data},
  author={Gelfand, Alan E and Banerjee, Sudipto and Gamerman, Dani},
  journal={Environmetrics: The official journal of the International Environmetrics Society},
  volume={16},
  number={5},
  pages={465--479},
  year={2005},
  publisher={Wiley Online Library},
  file={Docs/gelfand2005.pdf}
}


