
@article{leguedois2011carte,
  title={La carte de v{\'e}g{\'e}tation du CNRS {\`a} l'{\`e}re du num{\'e}rique. La base de donn{\'e}es g{\'e}ographique de la v{\'e}g{\'e}tation de la France. Couverture vectorielle harmonis{\'e}e {\`a} 1/1 000 000 et scan g{\'e}or{\'e}f{\'e}renc{\'e} {\`a} 1/200 000},
  author={Legu{\'e}dois, Sophie and Party, Jean-Paul and Dupouey, Jean-Luc and Gauquelin, Thierry and G{\'e}gout, Jean-Claude and Lecareux, Caroline and Badeau, Vincent and Probst, Anne},
  journal={Cybergeo: European Journal of Geography},
  year={2011},
  publisher={CNRS-UMR G{\'e}ographie-cit{\'e}s 8504}
}


