

@article{elshowk2018saving,
  author={Sedeer el-Showk},
  title={Saving the digital world},
  journal={Nature},
  volume={563},
  pages={S144-S146},
  year={2018},
  doi={10.1038/d41586-018-07505-8},
  file={Docs/d41586-018-07505-8.pdf}
}

