

@article{pumain2018two,
  title={Two metropolisation gradients in the European system of cities revealed by scaling laws},
  author={Pumain, Denise and Rozenblat, C{\'e}line},
  journal={Environment and Planning B: Urban Analytics and City Science},
  pages={2399808318785633},
  year={2018},
  publisher={SAGE Publications Sage UK: London, England},
  file={Docs/pumain2018.pdf}
}


@article{osth2017social,
  title={Social Capital, Resilience and Accessibility in Urban Systems: a Study on Sweden},
  author={{\"O}sth, John and Dolciotti, Martina and Reggiani, Aura and Nijkamp, Peter},
  journal={Networks and Spatial Economics},
  pages={1--24},
  year={2017},
  publisher={Springer},
  file={Docs/10.1007\%2Fs11067-017-9375-9.pdf}
}


