


@misc{giere1973history,
  title={History and philosophy of science: Intimate relationship or marriage of convenience?},
  author={Giere, Ronald N},
  year={1973},
  publisher={JSTOR},
  file={Docs/686234.pdf}
}


@article{picon1994rapports,
  title={Les rapports entre sciences et techniques dans lâ€™organisation du savoir},
  author={Picon, Antoine},
  journal={Revue de synth{\`e}se},
  volume={115},
  number={1-2},
  pages={103--120},
  year={1994},
  publisher={Springer},
  file={Docs/Picon1994_Article_LesRapportsEntreSciencesEtTech.pdf}
}


@misc{rde546,
  title={Recherches sur Diderot et sur l'Encyclopedie. La Revue},
  year={1986},
  howpublished={https://journals.openedition.org/rde/546}
}


