


@ARTICLE{2018arXiv180706953I,
   author = {{Ito}, J.},
    title = "{Emergent Democracy}",
  journal = {ArXiv e-prints},
archivePrefix = "arXiv",
   eprint = {1807.06953},
 primaryClass = "physics.soc-ph",
 keywords = {Physics - Physics and Society, Computer Science - Computers and Society},
     year = 2018,
    month = jul,
   adsurl = {http://adsabs.harvard.edu/abs/2018arXiv180706953I},
  adsnote = {Provided by the SAO/NASA Astrophysics Data System},
   file={Docs/1807.06953.pdf}
}



@article{watson2018welfare,
  title={Welfare Without Taxation-Autonomous production revenues for Universal Basic Income},
  author={Watson, Nell and Bianca, Doreen},
  journal={arXiv preprint arXiv:1803.11258},
  year={2018},
  file={Docs/1803.11258.pdf}
}


@article{barron2018individuals,
  title={Individuals, institutions, and innovation in the debates of the French Revolution},
  author={Barron, Alexander TJ and Huang, Jenny and Spang, Rebecca L and DeDeo, Simon},
  journal={Proceedings of the National Academy of Sciences},
  pages={201717729},
  year={2018},
  publisher={National Acad Sciences},
  file={Docs/4607.full.pdf}
}


