






@article{ma2013current,
  title={Current-reinforced random walks for constructing transport networks},
  author={Ma, Qi and Johansson, Anders and Tero, Atsushi and Nakagaki, Toshiyuki and Sumpter, David JT},
  journal={Journal of the Royal Society Interface},
  volume={10},
  number={80},
  pages={20120864},
  year={2013},
  publisher={The Royal Society},
  file={Docs/20120864.full.pdf}
}

@article{bitbol2012neurophenomenology,
  title={Neurophenomenology, an Ongoing Practice of/in Consciousness.},
  author={Bitbol, Michel},
  journal={Constructivist Foundations},
  volume={7},
  number={3},
  year={2012},
  file={Docs/Neurophenomenology_an_Ongoing_Practice_o.pdf}
}




@ARTICLE{2018arXiv180403304S,
   author = {{Sayama}, H.},
    title = "{Seeking Open-Ended Evolution in Swarm Chemistry II: Analyzing Long-Term Dynamics via Automated Object Harvesting}",
  journal = {ArXiv e-prints},
archivePrefix = "arXiv",
   eprint = {1804.03304},
 primaryClass = "nlin.AO",
 keywords = {Nonlinear Sciences - Adaptation and Self-Organizing Systems, Computer Science - Multiagent Systems, Computer Science - Neural and Evolutionary Computing},
     year = 2018,
    month = apr,
   adsurl = {http://adsabs.harvard.edu/abs/2018arXiv180403304S},
  adsnote = {Provided by the SAO/NASA Astrophysics Data System},
  file={Docs/1804.03304.pdf}
}



@ARTICLE{2018arXiv180303453L,
   author = {{Lehman}, J. and {Clune}, J. and {Misevic}, D. and {Adami}, C. and 
	{Beaulieu}, J. and {Bentley}, P.~J. and {Bernard}, S. and {Beslon}, G. and 
	{Bryson}, D.~M. and {Chrabaszcz}, P. and {Cheney}, N. and {Cully}, A. and 
	{Doncieux}, S. and {Dyer}, F.~C. and {Olav Ellefsen}, K. and 
	{Feldt}, R. and {Fischer}, S. and {Forrest}, S. and {Fr{\'e}noy}, A. and 
	{Gagn{\'e}}, C. and {Le Goff}, L. and {Grabowski}, L.~M. and 
	{Hodjat}, B. and {Hutter}, F. and {Keller}, L. and {Knibbe}, C. and 
	{Krcah}, P. and {Lenski}, R.~E. and {Lipson}, H. and {MacCurdy}, R. and 
	{Maestre}, C. and {Miikkulainen}, R. and {Mitri}, S. and {Moriarty}, D.~E. and 
	{Mouret}, J.-B. and {Nguyen}, A. and {Ofria}, C. and {Parizeau}, M. and 
	{Parsons}, D. and {Pennock}, R.~T. and {Punch}, W.~F. and {Ray}, T.~S. and 
	{Schoenauer}, M. and {Shulte}, E. and {Sims}, K. and {Stanley}, K.~O. and 
	{Taddei}, F. and {Tarapore}, D. and {Thibault}, S. and {Weimer}, W. and 
	{Watson}, R. and {Yosinksi}, J.},
    title = "{The Surprising Creativity of Digital Evolution: A Collection of Anecdotes from the Evolutionary Computation and Artificial Life Research Communities}",
  journal = {ArXiv e-prints},
archivePrefix = "arXiv",
   eprint = {1803.03453},
 keywords = {Computer Science - Neural and Evolutionary Computing},
     year = 2018,
    month = mar,
   adsurl = {http://adsabs.harvard.edu/abs/2018arXiv180303453L},
  adsnote = {Provided by the SAO/NASA Astrophysics Data System},
  file={Docs/1803.03453.pdf}
}



@article{bitbol2012downward,
  title={Downward causation without foundations},
  author={Bitbol, Michel},
  journal={Synthese},
  volume={185},
  number={2},
  pages={233--255},
  year={2012},
  publisher={Springer},
  file={Docs/Bitbol2012_Article_DownwardCausationWithoutFounda.pdf}
}



