

@article{dedeo2016bayesian,
  title={Bayesian Reasoning for Intelligent People},
  author={DeDeo, Simon},
  journal={Draft paper of the Carnegie Mellon University and the Santa Fe Institute},
  year={2016},
  file={Docs/br.pdf}
}



@article{shi2018consistent,
  title={Consistent and powerful non-Euclidean graph-based change-point test with applications to segmenting random interfered video data},
  author={Shi, Xiaoping and Wu, Yuehua and Rao, Calyampudi Radhakrishna},
  journal={Proceedings of the National Academy of Sciences},
  pages={201804649},
  year={2018},
  publisher={National Acad Sciences},
  file={Docs/10.1073@pnas.1804649115.pdf}
}


