

@ARTICLE{2018arXiv180501395B,
   author = {{Bruss}, F.~T.},
    title = "{Equilibrium Equations for Human Populations with Immigration}",
  journal = {ArXiv e-prints},
archivePrefix = "arXiv",
   eprint = {1805.01395},
 primaryClass = "math.PR",
 keywords = {Mathematics - Probability, Quantitative Biology - Populations and Evolution},
     year = 2018,
    month = may,
   adsurl = {http://adsabs.harvard.edu/abs/2018arXiv180501395B},
  adsnote = {Provided by the SAO/NASA Astrophysics Data System},
     file={Docs/1805.01395.pdf}
}




