

@article{wan2017assessment,
  title={Assessment of model validation outcomes of a new recursive spatial equilibrium model for the Greater Beijing},
  author={Wan, Li and Jin, Ying},
  journal={Environment and Planning B: Urban Analytics and City Science},
  pages={2399808317732575},
  year={2017},
  publisher={SAGE Publications Sage UK: London, England},
  file={Docs/2399808317732575.pdf}
}

