

@inproceedings{solimando2012designing,
	  title={Designing and Implementing a Framework for BDI-Style Communicating Agents in Haskell},
	    author={Solimando, Alessandro and Traverso, Riccardo},
	      booktitle={International Workshop on Declarative Agent Languages and Technologies},
	        pages={203--207},
		  year={2012},
		    organization={Springer},
		    file={Docs/aamas12wp_submission_22.pdf}
}




@article{patel2018scheme,
  title={A scheme to analyze agent-based social simulations using exploratory data mining techniques},
  author={Patel, M Hammad and Abbasi, Mujtaba Ahmed and Saeed, M and Alam, Shah Jamal},
  journal={Complex Adaptive Systems Modeling},
  volume={6},
  number={1},
  pages={1},
  year={2018},
  publisher={SpringerOpen},
  file={Docs/s40294-018-0052-8.pdf}
}

@article{azais2017sheep,
  title={Sheep Soliton},
  author={Aza{\"\i}s, Manon and Blanco, St{\'e}phane and Bon, Richard and Fournier, Richard and Pillot, Marie-H{\'e}l{\`e}ne and Gautrais, Jacques},
  journal={arXiv preprint arXiv:1712.05774},
  year={2017},
  file={Docs/1712.05774.pdf}
}


