



@phdthesis{maisonobe2015etudier,
  title={{\'E}tudier la g{\'e}ographie des activit{\'e}s et des collectifs scientifiques dans le monde: de la croissance du syst{\`e}me de production contemporain aux dynamiques d'une sp{\'e}cialit{\'e}, la r{\'e}paration de l'ADN},
  author={Maisonobe, Marion},
  year={2015},
  school={Universit{\'e} Toulouse le Mirail-Toulouse II},
  file={Docs/Maisonobe_Marion.pdf}
}


