

@article{sorensen2016exploring,
  title={Exploring the quantum speed limit with computer games},
  author={S{\o}rensen, Jens Jakob WH and Pedersen, Mads Kock and Munch, Michael and Haikka, Pinja and Jensen, Jesper Halkj{\ae}r and Planke, Tilo and Andreasen, Morten Ginnerup and Gajdacz, Miroslav and M{\o}lmer, Klaus and Lieberoth, Andreas and others},
  journal={Nature},
  volume={532},
  number={7598},
  pages={210},
  year={2016},
  publisher={Nature Publishing Group},
  file={Docs/srensen2016.pdf}
}

