

@article{aljadeff2015eigenvalues,
  title={Eigenvalues of block structured asymmetric random matrices},
  author={Aljadeff, Johnatan and Renfrew, David and Stern, Merav},
  journal={Journal of Mathematical Physics},
  volume={56},
  number={10},
  pages={103502},
  year={2015},
  publisher={AIP Publishing},
  file={Docs/aljadeff2015.pdf}
}

