



@ARTICLE{2018arXiv180109454M,
   author = {{Maeda}, H. and {Sekimoto}, Y. and {Seto}, T. and {Kashiyama}, T. and 
	{Omata}, H.},
    title = "{Road Damage Detection Using Deep Neural Networks with Images Captured Through a Smartphone}",
  journal = {ArXiv e-prints},
archivePrefix = "arXiv",
   eprint = {1801.09454},
 primaryClass = "cs.CV",
 keywords = {Computer Science - Computer Vision and Pattern Recognition, Computer Science - Computers and Society},
     year = 2018,
    month = jan,
   adsurl = {http://adsabs.harvard.edu/abs/2018arXiv180109454M},
  adsnote = {Provided by the SAO/NASA Astrophysics Data System},
  file={Docs/1801.09454.pdf}
}



