
@article{geels2005processes,
  title={Processes and patterns in transitions and system innovations: refining the co-evolutionary multi-level perspective},
  author={Geels, Frank W},
  journal={Technological forecasting and social change},
  volume={72},
  number={6},
  pages={681--696},
  year={2005},
  publisher={Elsevier},
  file={Docs/geels2005.pdf}
}

