


@article{wang2018urban,
  title={Urban growth, transport planning, air quality and health: A multi-objective spatial analysis framework for a linear monocentric city},
  author={Wang, JYT and Connors, RD},
  journal={Networks and Spatial Economics},
  year={2018},
  publisher={Springer Verlag},
  file={Docs/10.1007%2Fs11067-018-9398-x.pdf}
}

