

@article{watson2018welfare,
  title={Welfare Without Taxation-Autonomous production revenues for Universal Basic Income},
  author={Watson, Nell and Bianca, Doreen},
  journal={arXiv preprint arXiv:1803.11258},
  year={2018},
  file={Docs/1803.11258.pdf}
}


@article{barron2018individuals,
  title={Individuals, institutions, and innovation in the debates of the French Revolution},
  author={Barron, Alexander TJ and Huang, Jenny and Spang, Rebecca L and DeDeo, Simon},
  journal={Proceedings of the National Academy of Sciences},
  pages={201717729},
  year={2018},
  publisher={National Acad Sciences},
  file={Docs/4607.full.pdf}
}


