


@article{batchelor2021reimagining,
author={Batchelor, R. L. and Ali, H. and Gardner-Vandy, K.G. and Gold, A.U. and MacKinnon, J.A. and Asher, P.M.},
title={Reimagining STEM workforce development as a braided river},
journal={Eos},
volume={102},
doi={10.1029/2021EO157277},
year={2021},
url={https://eos.org/opinions/reimagining-stem-workforce-development-as-a-braided-river}
}



@article{bogers2021five,
title={Five principles for scientists on social media},
author={Bogers, M.},
journal={Nature},
year={2021},
doi={10.1038/d41586-021-01002-1},
url={https://www.nature.com/articles/d41586-021-01002-1}
}



@article{gewin2021pandemic,
title={Pandemic burnout is rampant in academia},
author={Gewin, V.},,
journal={Nature},
volume={591},
pages={489-491},
year={2021},
doi={10.1038/d41586-021-00663-2},
file={Biblio/DomainSpecific/Academia/d41586-021-00663-2.pdf},
url={https://www.nature.com/articles/d41586-021-00663-2}
}




@article{remmel2021scientists,
author={Remmel, A.},
title={Scientists want virtual meetings to stay after the COVID pandemic},
journal={Nature},
volume={591},
pages={185-186},
year={2021},
doi={10.1038/d41586-021-00513-1},
file={Biblio/DomainSpecific/Academia/d41586-021-00513-1.pdf},
url={https://www.nature.com/articles/d41586-021-00513-1}
}



@article{woolston2021pay,
title={Pay gap widens between female and male scientists in North America},
author={Woolston, C.},
journal={Nature},
volume={590},
pages={677},
year={2021}
doi={10.1038/d41586-021-00387-3},
url={https://www.nature.com/articles/d41586-021-00387-3},
file={Biblio/DomainSpecific/Academia/d41586-021-00387-3.pdf}
}


@article{remmel2021year,
title={A year of virtual science conferences: how are you managing?},
author={Remmel, A.},
journal={Nature},
year={2021},
doi={10.1038/d41586-021-00447-8},
url={https://www.nature.com/articles/d41586-021-00447-8}
}


@article{parrilla2021dear,
title={Dear grant agencies: tell me where I went wrong},
author={Parrilla Gutierrez, J.M.},
journal={Nature},
year={2021},
doi={10.1038/d41586-021-00444-x},
url={https://www.nature.com/articles/d41586-021-00444-x}
}


@article{chawla2021zoom,
title={Zoom fatigue saps grant reviewers’ attention},
author={Chawla, D.S.},
journal={Nature},
volume={590},
pages={172}
year={2021},
doi={10.1038/d41586-021-00161-5},
url={https://www.nature.com/articles/d41586-021-00161-5},
file={Biblio/DomainSpecific/Academia/d41586-021-00161-5.pdf}
}


@article{dehaas2021what,
title={What my retraction taught me},
author={de Haas, B.},
journal={Nature},
volume={589},
pages={331},
year={2021},
doi={10.1038/d41586-021-00073-4},
url={https://www.nature.com/articles/d41586-021-00073-4},
file={Biblio/DomainSpecific/Academia/d41586-021-00073-4.pdf}
}



@article{dasgupta2021lockdown,
title={My lockdown literature-review challenge},
author={DasGupta, S.},
journal={Nature},
year={2021},
doi={10.1038/d41586-021-00010-5},
url={https://www.nature.com/articles/d41586-021-00010-5}
}



@article{glausiusz2021rethinking,
title={Rethinking travel in a post-pandemic world},
author={Glausiusz, J.},
journal={Nature}
volume={589},
pages={155-157},
year={2021},
doi={10.1038/d41586-020-03649-8},
url={https://www.nature.com/articles/d41586-020-03649-8},
file={Biblio/DomainSpecific/Academia/d41586-020-03649-8.pdf}
}




@article{naturecoms2020regarding,
	abstract = {The publication of a paper on mentorship, now retracted, led us to reflect on our editorial processes and strengthened our determination in supporting diversity, equity and inclusion in research.},
	da = {2020/12/21},
	date-added = {2021-01-07 12:08:26 +0000},
	date-modified = {2021-01-07 12:08:41 +0000},
	doi = {10.1038/s41467-020-20618-x},
	id = {ref1},
	isbn = {2041-1723},
	journal = {Nature Communications},
	number = {1},
	pages = {6447},
	title = {Regarding mentorship},
	ty = {JOUR},
	url = {https://doi.org/10.1038/s41467-020-20618-x},
	volume = {11},
	year = {2020},
	Bdsk-Url-1 = {https://doi.org/10.1038/s41467-020-20618-x},
	file={Biblio/DomainSpecific/Academia/s41467-020-20618-x.pdf}
}


@article{schiermeier2020horizon,
author={Schiermeier, Q.},
title={Horizon 2020 by the numbers: how €60 billion was divided up among Europe’s scientists},
journal={Nature},
year={2020},
doi={10.1038/d41586-020-03598-2},
url={https://www.nature.com/articles/d41586-020-03598-2}
}


@article{woolston2020postdocs,
author={Woolston, C.},
title={Postdocs under pressure: ‘Can I even do this any more?’}
journal={Nature},
volume={587},
pages={689-692},
year={2020},
doi={10.1038/d41586-020-03235-y},
url={https://www.nature.com/articles/d41586-020-03235-y},
file={Biblio/DomainSpecific/Academia/d41586-020-03235-y.pdf}
}


@article{woolston2020postdoc,
author={Woolston, C.},
title={Postdoc survey reveals disenchantment with working life},
journal={Nature},
volume={587},
pages={505-508},
year={2020},
doi={https://doi.org/10.1038/d41586-020-03191-7},
url={https://www.nature.com/articles/d41586-020-03191-7},
file={Biblio/DomainSpecific/Academia/d41586-020-03191-7.pdf}
}



@article{nature2020egalite,
title={Egalité: France’s research reforms must balance competitiveness with well-being},
author={Nature Editorial},
journal={Nature},
volume={587},
pages={7-8},
year={2020},
doi={10.1038/d41586-020-02853-w},
file={Biblio/DomainSpecific/Academia/d41586-020-02853-w.pdf},
url={https://www.nature.com/articles/d41586-020-02853-w}
}


@article{omeara2020making,
title={Making it in the megacity},
author={O'Meara, S.},
journal={Nature},
year={2020},
url={https://www.nature.com/immersive/d41586-020-03002-z/index.html}
}


@article{cassasus2020how,
title={How France overcame the odds to build a research mega-campus},
author={Casassus, B.},
journal={Nature},
year={2020},
doi={10.1038/d41586-020-03004-x},
url={https://www.nature.com/articles/d41586-020-03004-x}
}




@article{furnham2020have,
  title={What I have learned from my Google Scholar and H index},
  author={Furnham, Adrian},
  journal={Scientometrics},
  volume={122},
  number={2},
  pages={1249--1254},
  year={2020},
  publisher={Springer},
  file={Biblio/DomainSpecific/Academia/Furnham2020_Article_WhatIHaveLearnedFromMyGoogleSc.pdf}
}


@article{furnham2020publish,
  title={Publish or perish: rejection, scientometrics and academic success},
  author={Furnham, Adrian},
  journal={Scientometrics},
  pages={1--5},
  year={2020},
  publisher={Springer},
  file={Biblio/DomainSpecific/Academia/Furnham2020_Article_PublishOrPerishRejectionScient.pdf}
}

@article{armitage2020top,
title={The top cities for research in the Nature Index},
author={Armitage, C.},
journal={Nature},
volume={585},
pages={S49},
year={2020},
doi={10.1038/d41586-020-02575-z},
file={Biblio/DomainSpecific/Academia/d41586-020-02575-z.pdf},
url={https://www.nature.com/articles/d41586-020-02575-z}
}


@article{nature2020postdocs,
title={Postdocs in crisis: science cannot risk losing the next generation},
author={Nature Editorial},
journal={Nature},
volume={585},
pages={160},
year={2020},
doi={10.1038/d41586-020-02541-9},
url={https://www.nature.com/articles/d41586-020-02541-9},
file={Biblio/DomainSpecific/Academia/d41586-020-02541-9.pdf}
}



@article{klower2020analysis,
title={An analysis of ways to decarbonize conference travel after COVID-19},
author={Klöwer, M. and Hopkins, D. and Allen, M. and Higham, J.},
journal={Nature},
volume={583},
pages={356-359},
year={2020},
doi={10.1038/d41586-020-02057-2},
url={https://www.nature.com/articles/d41586-020-02057-2},
file={Biblio/DomainSpecific/Academia/d41586-020-02057-2.pdf}
}


@article{bidmon2020organizing,
title={Organizing a virtual conference changed the way we think about academic exchange},
author={Bidmon, C. and Meath, C. and Bohnsack, R.},
journal={Nature},
year={2020},
doi={10.1038/d41586-020-01896-3},
url={https://www.nature.com/articles/d41586-020-01896-3}
}



@article{woolston2020take,
title={Take our postdoctoral-researcher survey},
author={Woolston, C.},
journal={Nature},
year={2020},
doi={10.1038/d41586-020-01863-y},
url={https://www.nature.com/articles/d41586-020-01863-y}
}


@article{williams2020keeping,
title={Keeping two journals has made me a better scientist},
author={Williams, A.},
journal={Nature},
year={2020},
doi={10.1038/d41586-020-01826-3},
url={https://www.nature.com/articles/d41586-020-01826-3}
}


@article{ling2020pandemic,
title={This pandemic is not an extended sabbatical},
author={Ling, D.S.},
year={2020},
journal={Nature},
doi={10.1038/d41586-020-01591-3},
url={https://www.nature.com/articles/d41586-020-01591-3}
}


@article{van2020publishers,
title={Publishers launch joint effort to tackle altered images in research papers},
author={Van Noorden, R.},
journal={Nature},
year={2020},
doi={10.1038/d41586-020-01410-9},
url={https://www.nature.com/articles/d41586-020-01410-9}
}


@article{shen2020meet,
author={Shen, H.},
title={Meet this super-spotter of duplicated images in science papers},
journal={Nature},
volume={581},
pages={132-136},
year={2020},
doi={10.1038/d41586-020-01363-z},
url={https://www.nature.com/articles/d41586-020-01363-z},
file={Biblio/DomainSpecific/Academia/d41586-020-01363-z.pdf}
}


@article{taylor2020ten,
title={Ten work–life balance tips for researchers based at home during the pandemic},
author={Taylor, L.A.},
journal={Nature},
year={2020},
url={https://www.nature.com/articles/d41586-020-01059-4},
doi={10.1038/d41586-020-01059-4}
}



@article{husby2020support,
title={Support early-career researchers for post-pandemic prospects},
author={Husby, A. and Modinos, G.},
journal={Nature},
volume={580},
pages={185},
year={2020},
doi={10.1038/d41586-020-01031-2},
url={https://www.nature.com/articles/d41586-020-01031-2},
file={Biblio/DomainSpecific/Academia/d41586-020-01031-2.pdf}
}


@article{viglione2020year,
author={Viglione, G.},
title={A year without conferences? How the coronavirus pandemic could change research},
journal={Nature},
volume={579},
pages={327-328},
year={2020},
doi={10.1038/d41586-020-00786-y},
file={Biblio/DomainSpecific/Academia/d41586-020-00786-y.pdf},
url={https://www.nature.com/articles/d41586-020-00786-y}
}



@article{mallapaty2020china,
author={Mallapaty, S.},
title={China bans cash rewards for publishing papers},
journal={Nature},
year={2020},
volume={579},
pages={18},
file={Biblio/DomainSpecific/Academia/d41586-020-00574-8.pdf},
url={https://www.nature.com/articles/d41586-020-00574-8},
doi={10.1038/d41586-020-00574-8}
}

@article{woolston2020free,
title={Free lists of grants and fellowships around the world available online},
author={Woolston, C.},
journal={Nature},
year={2020},
doi={10.1038/d41586-020-00599-z},
url={https://www.nature.com/articles/d41586-020-00599-z}
}

@article{van2020hundreds,
author={Van Noorden, R.},
title={Hundreds of scientists have peer-reviewed for predatory journals},
journal={Nature},
year={2020},
url={https://www.nature.com/articles/d41586-020-00709-x},
doi={10.1038/d41586-020-00709-x}
}


@article{malloy2020stop,
title={Stop making graduate students pay up front for conferences},
author={Malloy, J.},
journal={Nature},
year={2020},
url={https://www.nature.com/articles/d41586-020-00421-w},
doi={10.1038/d41586-020-00421-w}
}

@article{mallapaty2020popular,
title={Popular preprint servers face closure because of money troubles},
author={Mallapaty, S.},
journal={Nature},
year={2020},
url={https://www.nature.com/articles/d41586-020-00363-3},
doi={10.1038/d41586-020-00363-3}
}

@article{leeming2020three,
title={Three-quarters of researchers say yes to meeting-free weeks},
author={Leeming, J.},
journal={Nature},
year={2020},
url={https://www.nature.com/articles/d41586-020-00326-8},
doi={10.1038/d41586-020-00326-8}
}



@article{leeming2020company,
title={The company bringing scientists into the gig economy},
author={Leeming, J.},
journal={Nature},
year={2020},
url={https://www.nature.com/articles/d41586-020-00374-0},
doi={10.1038/d41586-020-00374-0}
}


@article{vannoorden2020highly,
title={Highly cited researcher banned from journal board for citation abuse},
author={Van Noorden, R.},
journal={Nature},
volume={578},
pages={200-201},
year={2020},
doi={10.1038/d41586-020-00335-7},
url={https://www.nature.com/articles/d41586-020-00335-7},
file={Biblio/DomainSpecific/Academia/d41586-020-00335-7.pdf}
}


@article{10.1371/journal.pcbi.1007513,
    author = {Cheplygina, Veronika AND Hermans, Felienne AND Albers, Casper AND Bielczyk, Natalia AND Smeets, Ionica},
    journal = {PLOS Computational Biology},
    publisher = {Public Library of Science},
    title = {Ten simple rules for getting started on Twitter as a scientist},
    year = {2020},
    month = {02},
    volume = {16},
    url = {https://doi.org/10.1371/journal.pcbi.1007513},
    pages = {1-9},
    abstract = {},
    number = {2},
    doi = {10.1371/journal.pcbi.1007513},
    file={Biblio/DomainSpecific/Academia/journal.pcbi.1007513.pdf}
}


@article{powell2020us,
title={US National Academies launches search for evidence-based programmes to support scientist parents},
author={Powell, K.},
journal={Nature},
year={2020},
url={https://www.nature.com/articles/d41586-020-00246-7},
doi={10.1038/d41586-020-00246-7}
}


@article{seaborne2020person,
title={A person before a PhD: understanding and combatting an academic identity crisis},
author={Seaborne, R.}
journal={Nature},
year={2020},
doi={10.1038/d41586-020-00306-y},
url={https://www.nature.com/articles/d41586-020-00306-y}
}



@article{cherak2020out,
title={Out of office replies and what they can say about you},
author={Cherak, S.},
journal={Nature},
volume={578},
pages={179-180},
year={2020},
doi={10.1038/d41586-020-00275-2},
file={Biblio/DomainSpecific/Academia/d41586-020-00275-2.pdf},
url={Biblio/DomainSpecific/Academia/d41586-020-00275-2.pdf}
}


@article{abbott2020stress,
title={Stress, anxiety, harassment: huge survey reveals pressures of scientists’ working lives},
author={Abbott, A.}
journal={Nature},
year={2020},
doi={10.1038/d41586-020-00101-9},
url={https://www.nature.com/articles/d41586-020-00101-9}
}


@article{grudniewicz2019predatory,
title={Predatory journals: no definition, no defence},
author={Grudniewicz, A. and Moher, D. et al.},
journal={Nature},
volume={576},
pages={210-212},
year={2019},
doi={10.1038/d41586-019-03759-y},
url={https://www.nature.com/articles/d41586-019-03759-y},
file={Biblio/DomainSpecific/Academia/d41586-019-03759-y.pdf}
}


@article{gewin2019alliance,
title={The alliance maker},
author={Gewin, V.},
journal={Nature},
volume={575},
pages={720},
year={2019},
doi=10.1038/d41586-019-03633-x},
file={Biblio/DomainSpecific/Academia/d41586-019-03633-x.pdf},
url={https://www.nature.com/articles/d41586-019-03633-x}
}


@article{nature2019mental,
title={The mental health of PhD researchers demands urgent attention},
author={Nature Editorial},
journal={Nature},
volume={575},
pages={257-258},
year={2019},
url={https://www.nature.com/articles/d41586-019-03489-1},
file={Biblio/DomainSpecific/Academia/d41586-019-03489-1.pdf}
}


@article{hansson2019nobel,
author={Hansson, G.K. and von Heijne, G.},
title={Nobel Committee responds to criticism},
journal={Nature},
volume={574},
pages={634},
year={2019},
doi={10.1038/d41586-019-03293-x},
url={https://www.nature.com/articles/d41586-019-03293-x},
file={Biblio/DomainSpecific/Academia/d41586-019-03293-x.pdf}
}


@article{armitage2019nanyang,
author={Armitage, C.},
title={Nanyang Technological University in Singapore is rising rapidly up the rankings},
volume={574},
pages={S70-S71},
doi={10.1038/d41586-019-03179-y},
year={2019},
journal={Nature},file={Biblio/DomainSpecific/Academia/
file={Biblio/DomainSpecific/Academia/d41586-019-03179-y.pdf},
url={https://www.nature.com/articles/d41586-019-03179-y}
}

@article{butler2019funders,
title={Funders and journals, not students, should lead on standards for research rigour},
author={Butler, J.}
journal={Nature},
volume={574},
pages={333},
year={2019},
file={Biblio/DomainSpecific/Academia/d41586-019-03118-x.pdf},
url={https://www.nature.com/articles/d41586-019-03118-x}
}



@article{levecque2017work,
  title={Work organization and mental health problems in PhD students},
  author={Levecque, Katia and Anseel, Frederik and De Beuckelaer, Alain and Van der Heyden, Johan and Gisle, Lydia},
  journal={Research Policy},
  volume={46},
  number={4},
  pages={868--879},
  year={2017},
  publisher={Elsevier},
  file={Biblio/DomainSpecific/Academia/Work%20organization%20and%20mental%20health%20problems%20in%20PhD%20students.pdf}
}



@misc{demharter2017ten,
  title={Ten simple rules for surviving an interdisciplinary PhD},
  author={Demharter, Samuel and Pearce, Nicholas and Beattie, Kylie and Frost, Isabel and Leem, Jinwoo and Martin, Alistair and Oppenheimer, Robert and Regep, Cristian and Rukat, Tammo and Skates, Alexander and others},
  year={2017},
  publisher={Public Library of Science},
  file={Biblio/DomainSpecific/Academia/journal.pcbi.1005512.pdf}
}




@article{chawla2019two,
title={Two-thirds of researchers report ‘pressure to cite’ in Nature poll},
author={Chawla, D.S.},
journal={Nature},
year={2019},
url={https://www.nature.com/articles/d41586-019-02922-9}
}



@article{mehta2019highlight,
author={Mehta, D.},
title={Highlight negative results to improve science},
journal={Nature},
year={2019},
url={https://www.nature.com/articles/d41586-019-02960-3},
doi={10.1038/d41586-019-02960-3}
}



@article{thompson2019podcast,
title={Podcast Extra: Absurd scientific advice},
author={Thompson, B.},
journal={Nature},
year={2019},
url={https://www.nature.com/articles/d41586-019-02855-3}
}


@article{kernecker2019avert,
author={Kernecker, M. and Busse, M. and Zscheischler, J.},
title={Avert collapse of research co-production systems},
journal={Nature},
volume={573},
pages={495},
year={2019},
doi={10.1038/d41586-019-02860-6},
file={Biblio/DomainSpecific/Academia/d41586-019-02860-6.pdf},
url={https://www.nature.com/articles/d41586-019-02860-6}
}



@article{schiermeier2019scientists,
title={Scientists worldwide join strikes for climate change},
author={Schiermeier, Q. and Atkinson, K. and Rodríguez-Mega, E. and Padma, T.V. and Stoye, E. and Tollefson, J. and Witze, A.},
journal={Nature},
volume={573},
pages={472-473},
year={2019},
doi=10.1038/d41586-019-02791-2},
url={https://www.nature.com/articles/d41586-019-02791-2},
file={Biblio/DomainSpecific/Academia/d41586-019-02791-2.pdf}
}


@article{hamant2019seven,
title={Seven steps to make travel to scientific conferences more sustainable},
author={Hamant, O. and Saunders, T. and Viasnoff, V.},
journal={Nature},
volume={573},
pages={451-452},
year={2019},
doi={10.1038/d41586-019-02747-6},
url={https://www.nature.com/articles/d41586-019-02747-6},
file={Biblio/DomainSpecific/Academia/d41586-019-02747-6.pdf}
}



@article{williams2019how,
title={How those researching adaptation to climate change might reduce their own carbon footprints},
author={Williams, D.S.},
journal={Nature},
year={2019},
doi={10.1038/d41586-019-02778-z},
url={https://www.nature.com/articles/d41586-019-02778-z}
}


@article{ortega2019three,
title={Three tips to achieve academic success — while enjoying a social life},
author={Ortega, A.},
journal={Nature},
year={2019},
doi={10.1038/d41586-019-02504-9},
url={https://www.nature.com/articles/d41586-019-02504-9}
}


@article{adam2019project,
author={Adam, D.},
title={A project-management tool from the tech industry could benefit your lab},
journal={Nature},
volume={573},
pages={151-153},
year={2019},
doi={10.1038/d41586-019-02620-6},
url={https://www.nature.com/articles/d41586-019-02620-6},
file={Biblio/DomainSpecific/Academia/d41586-019-02620-6.pdf}
}


@article{smith2019failing,
title={‘Failing forward’ in science: how college athletics prepared me for setbacks in graduate school},
author={Smith, J.D.},
journal={Nature},
year={2019},
doi={doi: 10.1038/d41586-019-02704-3},
url={https://www.nature.com/articles/d41586-019-02704-3}
}



@article{webster2019scientists,
author={Webster, S.},
title={Scientists — make time for contemplation},
journal={Nature},
volume={573},
pages={196},
year={2019},
doi={10.1038/d41586-019-02693-3},
url={https://www.nature.com/articles/d41586-019-02693-3},
file={Biblio/DomainSpecific/Academia/d41586-019-02693-3.pdf}
}


@article{nature2019set,
author={Nature Editorial},
title={Set citation data free},
journal={Nature},
volume={573},
pages={163-164},
year={2019},
doi={10.1038/d41586-019-02669-3},
url={https://www.nature.com/articles/d41586-019-02669-3},
file={Biblio/DomainSpecific/Academia/d41586-019-02669-3.pdf}
}


@article{turbeville2019put,
title={Put participants first in conference design},
author={Turbeville, H. and Gotian, R.},
journal={Nature},
year={2019},
doi={10.1038/d41586-019-02759-2},
url={https://www.nature.com/articles/d41586-019-02759-2}
}



@article{rottingen2019financing,
title={Financing open-access publication after 2024},
author={Rottingen, J.-A. and Sweeney, D.},
journal={Nature},
volume={572},
pages={586},
year={2019},
doi={10.1038/d41586-019-02547-y},
file={Biblio/DomainSpecific/Academia/d41586-019-02547-y.pdf},
url={https://www.nature.com/articles/d41586-019-02547-y}
}


@article{10.1371/journal.pbio.3000065,
    author = {Gross, Kevin AND Bergstrom, Carl T.},
    journal = {PLOS Biology},
    publisher = {Public Library of Science},
    title = {Contest models highlight inherent inefficiencies of scientific funding competitions},
    year = {2019},
    month = {01},
    volume = {17},
    url = {https://doi.org/10.1371/journal.pbio.3000065},
    pages = {1-15},
    abstract = {Scientists waste substantial time writing grant proposals, potentially squandering much of the scientific value of funding programs. This Meta-Research Article shows that, unfortunately, grant-proposal competitions are inevitably inefficient when the number of awards is small, but efficiency can be restored by awarding funds through a modified lottery, or by weighting past research success more heavily in funding decisions.},
    number = {1},
    doi = {10.1371/journal.pbio.3000065},
    file={Biblio/DomainSpecific/Academia/journal.pbio.3000065.pdf}
}


@article{beaumont2019peer,
title={Peer reviewers need a code of conduct too},
author={Beaumont, L.J.},
journal={Nature},
volume={572},
pages={439},
year={2019},
doi={10.1038/d41586-019-02492-w},
url={https://www.nature.com/articles/d41586-019-02492-w},
file={Biblio/DomainSpecific/Academia/d41586-019-02492-w.pdf}
}



@article{irwin2018writing,
  title={Writing Papers in Economics Using FaKe LaTeX},
  author={Irwin, Scott H},
  journal={Journal of Economic Surveys},
  year={2018},
  publisher={Wiley Online Library},
  file={Biblio/DomainSpecific/Academia/10.1111@joes.12318.pdf}
}


@article{van2019hundreds,
title={Hundreds of extreme self-citing scientists revealed in new database},
author={Van Noorden, R. and Chawla, D.S.},
journal={Nature},
year={2019},
doi={10.1038/d41586-019-02479-7},
url={https://www.nature.com/articles/d41586-019-02479-7}
}

@article{nature2019scientists,
author={Nature Editorial},
title={Scientists must rise above politics — and restate their value to society},
journal={Nature}
volume={572},
pages={153},
year={2019},
doi={10.1038/d41586-019-02379-w},
file={Biblio/DomainSpecific/Academia/d41586-019-02379-w.pdf}
}



@article{pavlidis2014together,
  title={Together we stand},
  author={Pavlidis, Ioannis and Petersen, Alexander M and Semendeferi, Ioanna},
  journal={Nature Physics},
  volume={10},
  number={10},
  pages={700},
  year={2014},
  publisher={Nature Publishing Group},
  file={Biblio/DomainSpecific/Academia/nphys3110.pdf}
}




@article{nature2019innnovative,
title={An innovative way to publish},
author={Nature Editorial},
volume={571},
pages={447},
year={2019},
journal={Nature},
file={Biblio/DomainSpecific/Academia/d41586-019-02277-1.pdf}
doi={10.1038/d41586-019-02277-1}
}


@article{Foxx14931,
	author = {Foxx, Alicia J. and Barak, Rebecca S. and Lichtenberger, Taran M. and Richardson, Lea K. and Rodgers, Aireale J. and Webb Williams, Evelyn},
	title = {Evaluating the prevalence and quality of conference codes of conduct},
	volume = {116},
	number = {30},
	pages = {14931--14936},
	year = {2019},
	doi = {10.1073/pnas.1819409116},
	publisher = {National Academy of Sciences},
	abstract = {Academic conferences encourage collaboration and ignite ideas but can have negative impacts that disproportionately affect historically marginalized groups. Conference codes of conduct can help protect against abuses and foster diversity, but less than one fourth of the biology conferences we studied from the United States and Canada had them. Of these, few codes addressed or denounced identity-based discrimination and sexual misconduct that fuels attrition of scientists from historically marginalized groups. Most codes did not provide clear or impartial reporting mechanisms. Only two thirds listed consequences for violations. We provide recommendations for codes of conduct at biology conferences to improve equity in more platforms of science.Efforts to increase inclusion in science face multiple barriers, including cultural and social behaviors in settings such as academic conferences. Conferences are beneficial, but the culture can promote inequities and power differentials that harm historically underrepresented groups. Science suffers when conference culture propagates exclusion and discrimination that leads to attrition of scientists. Codes of conduct represent a tool to shift conference culture to better support diverse scientists and clearly detail unacceptable behaviors. We examined the prevalence and content of codes of conduct at biology conferences in the United States and Canada. We highlight how codes of conduct address issues of sexual misconduct and identity-based discrimination. Surprisingly, only 24\% of the 195 surveyed conferences had codes. Of the conferences with codes, 43\% did not mention sexual misconduct and 17\% did not mention identity-based discrimination. Further, 26\% of these conferences failed to include a way to report violations of the code and 35\% lacked consequences for misconduct. We found that larger and national conferences are more likely to have codes than smaller (P = 0.04) and international or regional (P = 0.03) conferences. Conferences that lack codes risk creating and perpetuating negative environments that make underrepresented groups feel unwelcome, or worse, actively cause harm. We recommend that conferences have codes that are easily accessible, explicitly address identity-based discrimination and sexual misconduct, provide channels for anonymous impartial reporting, and contain clear consequences. These efforts will improve inclusivity and reduce the loss of scientists who have been historically marginalized.},
	issn = {0027-8424},
	URL = {https://www.pnas.org/content/116/30/14931},
	eprint = {https://www.pnas.org/content/116/30/14931.full.pdf},
	journal = {Proceedings of the National Academy of Sciences},
	file={Biblio/DomainSpecific/Academia/14931.full.pdf}
}



@article{10.1371/journal.pbio.3000151,
    author = {Sarabipour, Sarvenaz AND Debat, Humberto J. AND Emmott, Edward AND Burgess, Steven J. AND Schwessinger, Benjamin AND Hensel, Zach},
    journal = {PLOS Biology},
    publisher = {Public Library of Science},
    title = {On the value of preprints: An early career researcher perspective},
    year = {2019},
    month = {02},
    volume = {17},
    url = {https://doi.org/10.1371/journal.pbio.3000151},
    pages = {1-12},
    abstract = {This Perspective article from an interdisciplinary group of early career researchers explores the value of preprints, advocates the wider adoption of preprints to advance knowledge and facilitate career development, and tackles concerns and opportunities regarding their use.},
    number = {2},
    doi = {10.1371/journal.pbio.3000151},
    file={Biblio/DomainSpecific/Academia/journal.pbio.3000151.pdf}
}



@article{nature2019proud,
title={Nature is proud to support Pride in STEM},
author={Nature},
journal={Nature},
volume={571},
pages={5},
year={2019},
file={Biblio/DomainSpecific/Academia/d41586-019-02022-8.pdf},
url={https://www.nature.com/articles/d41586-019-02022-8},
doi={10.1038/d41586-019-02022-8}
}



@article{silver2019taiwan,
author={Silver, A.},
title={Taiwan to crack down on unauthorized research collaborations with mainland China},
journal={Nature},
year={2019},
url={https://www.nature.com/articles/d41586-019-01982-1},
doi={10.1038/d41586-019-01982-1}
}


@article{mcdonnel2019step,
title={Step up to leadership for mid-career growth},
author={McDonnell, J.},
journal={Nature},
year={2019},
url={https://www.nature.com/articles/d41586-019-01936-7},
doi={10.1038/d41586-019-01936-7}
}



@article{woolston2019english,
title={When English is not your mother tongue},
author={Woolston, C. and Osorio, J.},
journal={Nature},
year={2019},
pages={265-267},
volume={570},
doi={10.1038/d41586-019-01797-0},
url={https://www.nature.com/articles/d41586-019-01797-0},
file={Biblio/DomainSpecific/Academia/d41586-019-01797-0.pdf}
}


@article{susi2019work,
author={Susi, T. and Shalvi, S. and Srinivas, M.},
title={‘I’ll work on it over the weekend’: high workload and other pressures faced by early-career researchers},
year={2019},
journal={Nature},
url={https://www.nature.com/articles/d41586-019-01914-z},
doi={10.1038/d41586-019-01914-z}
}



@article{woolston2019unravelling,
author={Woolston, C.},
title={Unravelling the mysteries of preprints and peer review},
year={2019},
journal={Nature},
url={https://www.nature.com/articles/d41586-019-01947-4},
doi={10.1038/d41586-019-01947-4}
}




@article{lim2005case,
  title={The case of the disappearing teaspoons: longitudinal cohort study of the displacement of teaspoons in an Australian research institute},
  author={Lim, Megan SC and Hellard, Margaret E and Aitken, Campbell K},
  journal={Bmj},
  volume={331},
  number={7531},
  pages={1498--1500},
  year={2005},
  publisher={British Medical Journal Publishing Group},
  file={Biblio/DomainSpecific/Academia/bmj33101498.pdf}
}


@article{cobb2019preprints,
author={Cobb, E.},
title={Preprints: recall Nature’s nasty past},
volume={570},
pages={36},
journal={Nature},
year={2019},
doi={10.1038/d41586-019-01748-9},
url={https://www.nature.com/articles/d41586-019-01748-9}
}



@article{else2019ambitious,
title={Ambitious open-access Plan S delayed to let research community adapt},
author={Else, H.},
journal={Nature},
year={2019},
doi={10.1038/d41586-019-01717-2},
url={https://www.nature.com/articles/d41586-019-01717-2}
}


@article{wouters2019rethinking,
title={Rethinking impact factors: better ways to judge a journal},
author={Wouters, P. et al.},
journal={Nature},
year={2019},
volume={569},
pages={621--623},
url={https://www.nature.com/articles/d41586-019-01643-3},
file={Biblio/DomainSpecific/Academia/d41586-019-01643-3.pdf},
doi={10.1038/d41586-019-01643-3}
}


@article{kjellman2019climate,
author={Kjellman, S.E.},
title={As a climate researcher, should I change my air-travel habits?},
year={2019},
journal={Nature},
url={https://www.nature.com/articles/d41586-019-01652-2},
doi={10.1038/d41586-019-01652-2}
}



@article{grey2019how,
title={Three tips to avoid becoming a ‘conference zombie’},
author={Grey, P.H.},
journal={Nature},
year={2019},
url={https://www.nature.com/articles/d41586-019-01631-7},
doi={10.1038/d41586-019-01631-7}
}


@article{nature2019being,
title={Being a PhD student shouldn’t be bad for your health}
author={Nature Editorial Board},
journal={Nature},
year={2019},
volume={569},
pages={307},
doi={10.1038/d41586-019-01492-0},
file={Biblio/DomainSpecific/Academia/d41586-019-01492-0.pdf}
}


@article{nature2019springer,
author={Nature Editorial Board},
title={Springer Nature journals unify their policy to encourage preprint sharing},
journal={Nature},
volume={569},
pages={307},
year={2019},
doi={10.1038/d41586-019-01493-z},
file={Biblio/DomainSpecific/Academia/d41586-019-01493-z.pdf}
}


@article{sen2019ways,
title={Ways to give an effective seminar about your research project},
author={Sen, A.},
journal={Nature},
year={2019},
url={https://www.nature.com/articles/d41586-019-01574-z},
doi={10.1038/d41586-019-01574-z}
}





@article{gaullier2019french,
title={French cuts to research jobs could fuel brain drain},
author={Gaullier, G.},
journal={Nature},
volume={569},
pages={336},
year={2019},
doi={10.1038/d41586-019-01529-4},
file={Biblio/DomainSpecific/Academia/d41586-019-01529-4.pdf}
}



@article{nature2018make,
	Author = {Nature Microbiology},
	Journal = {Nature Microbiology},
	Number = {5},
	Pages = {525--525},
	Title = {Make scientific conferences count},
	Volume = {3},
	Year = {2018},
	file={Biblio/DomainSpecific/Academia/s41564-018-0158-y.pdf}
}




@article{knuteson2016solution,
  title={The Solution to Science's Replication Crisis},
  author={Knuteson, Bruce},
  journal={arXiv preprint arXiv:1609.03223},
  year={2016},
  file={Biblio/DomainSpecific/Academia/1609.03223.pdf}
}



@article{nature2019toolkitcv,
title={Toolkit: How to write a great academic CV},
author={Nature Careers},
journal={Nature},
year={2019},
doi={10.1038/d41586-019-01358-5,
url={https://www.nature.com/articles/d41586-019-01358-5}
}


@article{nature2019toolkitpaper,
title={Toolkit: How to write a great paper},
author={Nature Careers},
journal={Nature},
year={2019},
doi={10.1038/d41586-019-01362-9},
url={https://www.nature.com/articles/d41586-019-01362-9}
}


@article{sudhof2016truth,
  title={Truth in science publishing: a personal perspective},
  author={S{\"u}dhof, Thomas C},
  journal={PLoS biology},
  volume={14},
  number={8},
  pages={e1002547},
  year={2016},
  publisher={Public Library of Science},
  file={Biblio/DomainSpecific/Academia/journal.pbio.1002547.PDF}
}


@article{wynes2019academic,
  title={Academic air travel has a limited influence on professional success},
  author={Wynes, Seth and Donner, Simon D and Tannason, Steuart and Nabors, Noni},
  journal={Journal of Cleaner Production},
  year={2019},
  publisher={Elsevier},
  file={Biblio/DomainSpecific/Academia/10.1016@j.jclepro.2019.04.109.pdf}
}



@article{biagoli2019plagiarizing,
	Author = {Biagioli, Mario},
	Journal = {Trends in Chemistry},
	Month = {2019/05/01},
	Number = {1},
	Pages = {3--5},
	Title = {Plagiarizing Names?},
	Volume = {1},
	Year = {2019},
	file={Biblio/DomainSpecific/Academia/PIIS2589597419300176.pdf}
}


@article{nabavi2019why,
title={Why the huge growth in AI spells a big opportunity for transdisciplinary researchers},
author={Nabavi, E.},
journal={Nature},
year={2019},
doi={10.1038/d41586-019-01251-1},
url={https://www.nature.com/articles/d41586-019-01251-1}
}


@article{bernards2019when,
title={When a conflict of interest is not a conflict},
author={Bernards, R.},
journal={Nature},
volume={568},
pages={458},
year={2019},
doi={10.1038/d41586-019-01285-5},
url={https://www.nature.com/articles/d41586-019-01285-5},
file={Biblio/DomainSpecific/Academia/d41586-019-01285-5.pdf}
}


@article{nature2019nature,
title={Nature celebrates the one-page wonders too pithy to last},
author={Nature},
journal={Nature},
volume={568},
pages={433},
year={2019},
doi={10.1038/d41586-019-01233-3},
url={https://www.nature.com/articles/d41586-019-01233-3}
}


@article{10.1371/journal.pcbi.1006914,
    author = {Maestre, Fernando T.},
    journal = {PLOS Computational Biology},
    publisher = {Public Library of Science},
    title = {Ten simple rules towards healthier research labs},
    year = {2019},
    month = {04},
    volume = {15},
    url = {https://doi.org/10.1371/journal.pcbi.1006914},
    pages = {1-8},
    abstract = {The negative effects of extremely competitive academic and research environments on the performance and health of researchers are well known and common worldwide. The prevalence of these effects, particularly among early career researchers, calls for a more humane and people-centered way of working within research labs. Although there is growing concern about the urgent need for a better life–work balance when doing science, there are not many examples about how this could be achieved in practice. In this article, I introduce 10 simple rules to make the working environment of research labs more nurturing, collaborative, and people-centered. These rules are directed towards existing and future principal investigators (PIs) but will be of interest to anyone working in a research lab and/or dealing with how to improve working conditions for scientists.},
    number = {4},
    doi = {10.1371/journal.pcbi.1006914},
	file={Biblio/DomainSpecific/Academia/journal.pcbi.1006914.pdf}
}



@article{tsang2019rent,
title={Rent or conference — early-career researchers shouldn’t have to choose},
author={Tsang, J.},
year={2019},
journal={Nature},
url={https://www.nature.com/articles/d41586-019-00979-0}
}



@article{johnson2019six,
title={Six easy ways to manage your time better},
author={Johnson, A.C. and Sumpter, J.},
year={2019},
journal={Nature},
url={https://www.nature.com/articles/d41586-019-00973-6}
}


@article{vannoorden2019peer,
title={Peer-review experiments tracked in online repository},
author={Van Noorden, R.},
journal={Nature},
year={2019},
url={https://www.nature.com/articles/d41586-019-00777-8}
}


@article{gaind2019huge,
author={Gaind, N.},
title={Huge US university cancels subscription with Elsevier},
journal={Nature},
year={2019},
volume={567},
pages={15--16},
url={https://www.nature.com/articles/d41586-019-00758-x},
file={Biblio/DomainSpecific/Academia/d41586-019-00758-x.pdf}
}

@article{oliver2019and,
  title={The dos and don’ts of influencing policy: a systematic review of advice to academics},
  author={Oliver, Kathryn and Cairney, Paul},
  journal={Palgrave Communications},
  volume={5},
  number={1},
  pages={21},
  year={2019},
  publisher={Nature Publishing Group},
  file={Biblio/DomainSpecific/Academia/s41599-019-0232-y.pdf}
}



@article{else2019high,
  title={High-profile subscription journals critique Plan S},
  author={Else, H.},
  journal={Nature},
  year={2019},
  url={https://www.nature.com/articles/d41586-019-00596-x}
}



@article{oancea2019research,
  title={Research governance and the future (s) of research assessment},
  author={Oancea, Alis},
  journal={Palgrave Communications},
  volume={5},
  number={1},
  pages={27},
  year={2019},
  publisher={Nature Publishing Group},
  file={Biblio/DomainSpecific/Academia/s41599-018-0213-6.pdf}
}



@article{ivancevic2019ten,
  author={Ivancevic, A.},
  title={The ten commandments for learning how to code},
  year={2019},
  journal={Nature},
  url={https://www.nature.com/articles/d41586-019-00653-5}
}





@article{bendixen2019one,
  author={Bendixen, M. and Iversen, L.},
  title={One couple, two cities: How to handle an international career move},
  journal={Nature},
  year={2019},
  url={https://www.nature.com/articles/d41586-019-00582-3}
}



@article{McNutt2400,
	author = {McNutt, Marcia},
	title = {Opinion: {\textquotedblleft}Plan S{\textquotedblright} falls short for society publishers{\textemdash}and for the researchers they serve},
	volume = {116},
	number = {7},
	pages = {2400--2403},
	year = {2019},
	doi = {10.1073/pnas.1900359116},
	publisher = {National Academy of Sciences},
	issn = {0027-8424},
	URL = {https://www.pnas.org/content/116/7/2400},
	eprint = {https://www.pnas.org/content/116/7/2400.full.pdf},
	journal = {Proceedings of the National Academy of Sciences},
	file={Biblio/DomainSpecific/Academia/2400.full.pdf}
}



@article{abbott2019europe,
author={Abbott, A.},
title={Europe’s next €1-billion science projects: six teams make it to final round},
year={2019},
journal={Nature},
volume={566},
pages={164--165},
doi={10.1038/d41586-019-00541-y},
url={https://www.nature.com/articles/d41586-019-00541-y}
}



@article{cassasus2019france,
author={Cassasus, B.},
title={France set to get first national strategy for research},
journal={Nature},
year={2019},
volume={564},
pages={164},
doi={10.1038/d41586-019-00484-4},
url={https://www.nature.com/articles/d41586-019-00484-4}
}


@article{buenz2019essential,
author={Buenz, E.J.},
title={Essential elements for high-impact scientific writing},
journal={Nature},
year={2019},
doi={10.1038/d41586-019-00546-7},
url={https://www.nature.com/articles/d41586-019-00546-7}
}



@article{else2019thousands,
author={Else, H.},
title={Thousands of scientists run up against Elsevier’s paywall},
journal={Nature},
year={2019},
doi={10.1038/d41586-019-00492-4},
url={https://www.nature.com/articles/d41586-019-00492-4}
}



@article{pedersen2019how,
author={Pedersen, C.L.},
title={How to use ‘20% time’ to manage pet projects},
year={2019},
journal={Nature},
doi={10.1038/d41586-019-00179-w},
url={https://www.nature.com/articles/d41586-019-00179-w}
}


@article{learn2019biorxiv,
author={Learn, J.R.},
title={What bioRxiv’s first 30,000 preprints reveal about biologists},
year={2019},
journal={Nature},
doi={10.1038/d41586-019-00199-6},
url={https://www.nature.com/articles/d41586-019-00199-6}
}


@article{campbell2019define,
author={Campbell, K. and Dabirian, Y. and Börlin, C. and Di Bartolomeo, F.},
title={Define working culture, don’t leave it to chance},
journal={Nature},
volume={565},
pages={294},
year={2019},
doi={10.1038/d41586-019-00119-8},
url={https://www.nature.com/articles/d41586-019-00119-8}
}


@article{chawla2019open
 author={Chawla, D.S.},
 title={Open-access row prompts editorial board of Elsevier journal to resign},
 journal={Nature},
 year={2019},
 doi={10.1038/d41586-019-00135-8},
 url={https://www.nature.com/articles/d41586-019-00135-8}
}


@article{munoz2019chinese,
  author={Munoz-Pinedo, C.},
  title={Chinese reviewers: sign up for unique IDs, please},
  journal={Nature},
  volume={565},
  pages={161},
  year={2019},
  doi={10.1038/d41586-019-00036-w},
  url={https://www.nature.com/articles/d41586-019-00036-w}
}



@misc{aaronson2016cost,
  title={THE COST OF KNOWLEDGE},
  author={Aaronson, S. et al.},
  year={2016},
  howpublished={https://gowers.files.wordpress.com/2012/02/elsevierstatementfinal.pdf},
  file={Biblio/DomainSpecific/Academia/elsevierstatementfinal.pdf}
}


@article{HERSCHBERG2018303,
title = "Precarious postdocs: A comparative study on recruitment and selection of early-career researchers",
journal = "Scandinavian Journal of Management",
volume = "34",
number = "4",
pages = "303 - 310",
year = "2018",
issn = "0956-5221",
doi = "https://doi.org/10.1016/j.scaman.2018.10.001",
url = "http://www.sciencedirect.com/science/article/pii/S095652211830040X",
author = "Channah Herschberg and Yvonne Benschop and Marieke van den Brink",
keywords = "Recruitment, Selection, Academic careers, Postdoctoral researchers, Precarious work, Research funding",
abstract = "This paper investigates how the recruitment and selection for project-based postdoc positions are organised in the current academic landscape characterised by increasing temporary research funding and how principal investigators construct the ‘ideal’ postdoc. Our findings are based on a qualitative comparative multiple-case study in Social and Natural Sciences departments of universities in four European countries. This study contributes to the literature on the neoliberal university and academic staff evaluation by using a systemic, power-sensitive approach that examines how postdocs enter the academic system and how manifestations of precarity are exacerbated. Our critical analysis reveals three manifestations of precarity that the current academic system creates for postdocs, related to control, contracts, and careers. We discuss the effects for individual postdocs and their careers and the quality of knowledge production in public funded higher education institutions.",
file={Biblio/DomainSpecific/Academia/1-s2.0-S095652211830040X-main.pdf}
}


@article{juggling2018career,
  title={Juggling research and family life: honest reflections from scientist dads},
  author={Career Feature},
  journal={Nature},
  volume={563},
  pages={725-727},
  year={2018},
  url={https://www.nature.com/articles/d41586-018-07511-w},
  doi={10.1038/d41586-018-07511-w},
  file={d41586-018-07511-w.pdf}
}

@article{heaven2018ai,
  title={AI peer reviewers unleashed to ease publishing grind},
  author={Douglas Heaven},
  journal={Nature},
  year={2018},
  url={https://www.nature.com/articles/d41586-018-07245-9},
  doi={10.1038/d41586-018-07245-9}
}


@article{maestre2018seven,
  title={Seven steps towards health and happiness in the lab},
  author={Fernando T. Maestre},
  journal={Nature},
  year={2018},
  url={https://www.nature.com/articles/d41586-018-07514-7},
  doi={10.1038/d41586-018-07514-7}
}




@article{schmidt2016tackling,
  title={Tackling complexity in an interdisciplinary scholarly network: Requirements for semantic publishing},
  author={Schmidt, Nora},
  journal={First Monday},
  volume={21},
  number={5},
  year={2016}
}



@article{nature2018city,
  title={City Links},
  author={Nature Index},
  pages={S8},
  year={2018},
  volume={563},
  journal={Nature},
  doi={10.1038/d41586-018-07207-1},
  file={Biblio/DomainSpecific/Academia/d41586-018-07207-1.pdf}
}

@article{10.1371/journal.pcbi.1006467,
    author = {Méndez, Marcos},
    journal = {PLOS Computational Biology},
    publisher = {Public Library of Science},
    title = {Ten simple rules for developing good reading habits during graduate school and beyond},
    year = {2018},
    month = {10},
    volume = {14},
    url = {https://doi.org/10.1371/journal.pcbi.1006467},
    pages = {1-4},
    abstract = {},
    number = {10},
    doi = {10.1371/journal.pcbi.1006467},
    file={Biblio/DomainSpecific/Academia/journal.pcbi.1006467.pdf}
}


@article{PorsdamMann10820,
	author = {Porsdam Mann, S. and Donders, Y. and Mitchell, C. and Bradley, V. J. and Chou, M. F. and Mann, M. and Church, G. and Porsdam, H.},
	title = {Opinion: Advocating for science progress as a human right},
	volume = {115},
	number = {43},
	pages = {10820--10823},
	year = {2018},
	doi = {10.1073/pnas.1816320115},
	publisher = {National Academy of Sciences},
	issn = {0027-8424},
	URL = {http://www.pnas.org/content/115/43/10820},
	eprint = {http://www.pnas.org/content/115/43/10820.full.pdf},
	journal = {Proceedings of the National Academy of Sciences},
	file={Biblio/DomainSpecific/Academia/10820.full.pdf}
}


@article{woolston2018satisfaction,
  title={Satisfaction in science},
  author={Woolston, C.},
  journal={Nature},
  volume={562},
  pages={611-614},
  year={2018},
  file={Biblio/DomainSpecific/Academia/d41586-018-07111-8.pdf}
}


@misc{stiller2018peer,
author={Stiller-Reeve, M.},
title={A peer review process guide},
howpublished={EGU2018},
file={Biblio/DomainSpecific/Academia/A-Peer-Review-Process-Guide.pdf}
}

@article{doi:10.1086/598847,
author = {McPeek, Mark A. and DeAngelis, Donald L. and Shaw, Ruth G. and Moore, Allen J. and Rausher, Mark D. and Strong, Donald R. and Ellison, Aaron M. and Barrett, Louise and Rieseberg, Loren and Breed, Michael D. and Sullivan, Jack and Osenberg, Craig W. and Holyoak, Marcel and Elgar, Mark A.},
title = {The Golden Rule of Reviewing.},
journal = {The American Naturalist},
volume = {173},
number = {5},
pages = {E155-E158},
year = {2009},
doi = {10.1086/598847},

URL = { 
        https://doi.org/10.1086/598847
    
},
eprint = { 
        https://doi.org/10.1086/598847
    
}
,
    abstract = { Abstract: A major bottleneck in the time required to publish a scientific or scholarly paper is the speed with which reviews by peers are returned to journals. Peer review is a reciprocal altruistic system in which each individual may perform every task—editors, reviewers, and authors—at different times. Journals have no way to coerce reviewers to return their critiques faster. To greatly shorten the time to publication, all actors in this altruistic network should abide by the Golden Rule of Reviewing: review for others as you would have others review for you. Say yes to reviewing whenever your duties and schedule allow; provide a thorough, fair, and constructive critique of the work; and do it at your first opportunity regardless of the deadline. },
file={Biblio/DomainSpecific/Academia/598847.pdf}
}





@article{stiller2018how,
author={Stiller-Reeve, M.}
title={How to write a thorough peer review},
journal={Nature},
year={2018},
doi={10.1038/d41586-018-06991-0}
}



@article{10.1371/journal.pcbi.1006379,
    author = {Peterson, Todd C. AND Kleppner, Sofie R. AND Botham, Crystal M.},
    journal = {PLOS Computational Biology},
    publisher = {Public Library of Science},
    title = {Ten simple rules for scientists: Improving your writing productivity},
    year = {2018},
    month = {10},
    volume = {14},
    url = {https://doi.org/10.1371/journal.pcbi.1006379},
    pages = {1-6},
    abstract = {},
    number = {10},
    doi = {10.1371/journal.pcbi.1006379},
    file={Biblio/DomainSpecific/Academia/journal.pcbi.1006379.pdf}
}


@article{else2018major,
  title={Major publishers sue ResearchGate over copyright infringement},
  author={Else, H.},
  journal={Nature},
  doi={10.1038/d41586-018-06945-6},
  year={2018}
}


@article{smaglik2018beating,
  title={Beating the odds to secure a permanent contract},
  author={Smaglik, P.},
  journal={Nature},
  volume={562},
  pages={S49--S51},
  year={2018},
  file={Biblio/DomainSpecific/Academia/d41586-018-06873-5.pdf}
}



@article{kiser2018nomore,
  title={No more first authors, no more last authors},
  author={Kiser, G. L.},
  journal={Nature},
  volume={561},
  pages={435},
  year={2018},
  file={Biblio/DomainSpecific/Academia/d41586-018-06779-2.pdf}
}




@article{woolston2018quest,
  title={The quest for postdoctoral independence},
  author={Woolston, C.},
  journal={Nature},
  volume={561},
  pages={569-571},
  year={2018},
  file={Biblio/DomainSpecific/Academia/d41586-018-06794-3.pdf}
}

@article{smith2018autorship,
  title={Authorship: update to contributorship},
  author={Smith, G.D. and Munafo, M. and Kivimaki, M.},
  journal={Nature},
  volume={561},
  pages={464},
  year={2018},
  file={Biblio/DomainSpecific/Academia/d41586-018-06815-1.pdf}
}



@article{chawla2018huge,
  title={Huge peer-review study reveals lack of women and non-Westerners},
  author={Chawla, D. S.},
  journal={Nature},
  volume={561},
  pages={295-296},
  year={2018},
  file={Biblio/DomainSpecific/Academia/d41586-018-06678-6.pdf}


@article{mallapaty2018fast,
 title={The fast track},
  author={Mallapaty, S.},
  journal={Nature},
  volume={561},
  pages={S9},
  year={2018},
  file={Biblio/DomainSpecific/Academia/d41586-018-06621-9.pdf}
}


@article{armitage2018world,
author={Armitage, C. and Bourzac, K. and Dolgin, E. and Mallapaty, S.},
title={The world at their feet},
journal={Nature},
volume={561},
pages={S10-S15},
year={2018},
file={Biblio/DomainSpecific/Academia/d41586-018-06622-8.pdf}
}


@article{mallapaty2018predicting,
author={Mallapaty, S.},
title={Predicting scientific success},
journal={Nature},
volume={561},
pages={S32-S33},
year={2018},
file={Biblio/DomainSpecific/Academia/d41586-018-06627-3.pdf}
}





@article{button2018reboot,
  author={Button, K.},
  title={Reboot undergraduate courses for reproducibility},
  journal={Nature},
  volume={561},
  pages={287},
  year={2018},
  file={Biblio/DomainSpecific/Academia/d41586-018-06692-8.pdf}
}


@article{Huppenkothen8872,
	author = {Huppenkothen, Daniela and Arendt, Anthony and Hogg, David W. and Ram, Karthik and VanderPlas, Jacob T. and Rokem, Ariel},
	title = {Hack weeks as a model for data science education and collaboration},
	volume = {115},
	number = {36},
	pages = {8872--8877},
	year = {2018},
	doi = {10.1073/pnas.1717196115},
	publisher = {National Academy of Sciences},
	abstract = {As scientific disciplines grapple with more datasets of rapidly increasing complexity and size, new approaches are urgently required to introduce new statistical and computational tools into research communities and improve the cross-disciplinary exchange of ideas. In this paper, we introduce a type of scientific workshop, called a hack week, which allows for fast dissemination of new methodologies into scientific communities and fosters exchange and collaboration within and between disciplines. We present implementations of this concept in astronomy, neuroscience, and geoscience and show that hack weeks produce positive learning outcomes, foster lasting collaborations, yield scientific results, and promote positive attitudes toward open science.Across many scientific disciplines, methods for recording, storing, and analyzing data are rapidly increasing in complexity. Skillfully using data science tools that manage this complexity requires training in new programming languages and frameworks as well as immersion in new modes of interaction that foster data sharing, collaborative software development, and exchange across disciplines. Learning these skills from traditional university curricula can be challenging because most courses are not designed to evolve on time scales that can keep pace with rapidly shifting data science methods. Here, we present the concept of a hack week as an effective model offering opportunities for networking and community building, education in state-of-the-art data science methods, and immersion in collaborative project work. We find that hack weeks are successful at cultivating collaboration and facilitating the exchange of knowledge. Participants self-report that these events help them in both their day-to-day research as well as their careers. Based on our results, we conclude that hack weeks present an effective, easy-to-implement, fairly low-cost tool to positively impact data analysis literacy in academic disciplines, foster collaboration, and cultivate best practices.},
	issn = {0027-8424},
	URL = {http://www.pnas.org/content/115/36/8872},
	eprint = {http://www.pnas.org/content/115/36/8872.full.pdf},
	journal = {Proceedings of the National Academy of Sciences},
	file = {Docs/8872.full.pdf}
}


@article{10.1371/journal.pcbi.1006191,
    author = {Sufi, Shoaib AND Nenadic, Aleksandra AND Silva, Raniere AND Duckles, Beth AND Simera, Iveta AND de Beyer, Jennifer A. AND Struthers, Caroline AND Nurmikko-Fuller, Terhi AND Bellis, Louisa AND Miah, Wadud AND Wilde, Adriana AND Emsley, Iain AND Philippe, Olivier AND Balzano, Melissa AND Coelho, Sara AND Ford, Heather AND Jones, Catherine AND Higgins, Vanessa},
    journal = {PLOS Computational Biology},
    publisher = {Public Library of Science},
    title = {Ten simple rules for measuring the impact of workshops},
    year = {2018},
    month = {08},
    volume = {14},
    url = {https://doi.org/10.1371/journal.pcbi.1006191},
    pages = {1-12},
    abstract = {Workshops are used to explore a specific topic, to transfer knowledge, to solve identified problems, or to create something new. In funded research projects and other research endeavours, workshops are the mechanism used to gather the wider project, community, or interested people together around a particular topic. However, natural questions arise: how do we measure the impact of these workshops? Do we know whether they are meeting the goals and objectives we set for them? What indicators should we use? In response to these questions, this paper will outline rules that will improve the measurement of the impact of workshops.},
    number = {8},
    doi = {10.1371/journal.pcbi.1006191},
    file={Biblio/DomainSpecific/Academia/journal.pcbi.1006191.pdf}
}




@ARTICLE{2018arXiv180705016B,
   author = {{Bourne}, P.~E.},
    title = "{Ten Simple Rules When Considering Retirement}",
  journal = {ArXiv e-prints},
archivePrefix = "arXiv",
   eprint = {1807.05016},
 primaryClass = "q-bio.OT",
 keywords = {Quantitative Biology - Other Quantitative Biology},
     year = 2018,
    month = jul,
   adsurl = {http://adsabs.harvard.edu/abs/2018arXiv180705016B},
  adsnote = {Provided by the SAO/NASA Astrophysics Data System},
    file = {Docs/1807.05016.pdf}
}





@ARTICLE{2018arXiv180205012A,
   author = {{Azagra-Caro}, J.~M. and {Fern{\'a}ndez-Mesa}, A. and {Robinson-Garc{\'{\i}}a}, N.
	},
    title = "{'Getting out of the closet': Scientific authorship of literary fiction and knowledge transfer}",
  journal = {ArXiv e-prints},
archivePrefix = "arXiv",
   eprint = {1802.05012},
 primaryClass = "cs.DL",
 keywords = {Computer Science - Digital Libraries, Physics - Physics and Society},
     year = 2018,
    month = feb,
   adsurl = {http://adsabs.harvard.edu/abs/2018arXiv180205012A},
  adsnote = {Provided by the SAO/NASA Astrophysics Data System},
    file={Biblio/DomainSpecific/Academia/1802.05012.pdf}
}





@ARTICLE{2018arXiv180509966M,
   author = {{Morgan}, A.~C. and {Economou}, D. and {Way}, S.~F. and {Clauset}, A.
	},
    title = "{Prestige drives epistemic inequality in the diffusion of scientific ideas}",
  journal = {ArXiv e-prints},
archivePrefix = "arXiv",
   eprint = {1805.09966},
 keywords = {Computer Science - Social and Information Networks, Computer Science - Computers and Society, Physics - Physics and Society},
     year = 2018,
    month = may,
   adsurl = {http://adsabs.harvard.edu/abs/2018arXiv180509966M},
  adsnote = {Provided by the SAO/NASA Astrophysics Data System},
  file={Biblio/DomainSpecific/Academia/1805.09966.pdf}
}




@article{bol2018matthew,
  title={The Matthew effect in science funding},
  author={Bol, Thijs and de Vaan, Mathijs and van de Rijt, Arnout},
  journal={Proceedings of the National Academy of Sciences},
  pages={201719557},
  year={2018},
  publisher={National Acad Sciences},
  file={Biblio/DomainSpecific/Academia/10.1073@pnas.1719557115.pdf}
}




@article {Bergeaau0116,
	author = {Berg, Jeremy and Campbell, Philip and Kiermer, Veronique and Raikhel, Natasha and Sweet, Deborah},
	title = {Joint statement on EPA proposed rule and public availability of data},
	year = {2018},
	doi = {10.1126/science.aau0116},
	publisher = {American Association for the Advancement of Science},
	issn = {0036-8075},
	URL = {http://science.sciencemag.org/content/early/2018/04/30/science.aau0116},
	eprint = {http://science.sciencemag.org/content/early/2018/04/30/science.aau0116.full.pdf},
	journal = {Science},
	file={Biblio/DomainSpecific/Academia/science.aau0116.full.pdf}
}




@misc{verma2017preprint,
  title={Preprint servers facilitate scientific discourse},
  author={Verma, Inder M},
  year={2017},
  publisher={National Acad Sciences},
  file={Biblio/DomainSpecific/Academia/PNAS-2017-Verma-12630.pdf}
}


@article{tomkins2017reviewer,
  title={Reviewer bias in single-versus double-blind peer review},
  author={Tomkins, Andrew and Zhang, Min and Heavlin, William D},
  journal={Proceedings of the National Academy of Sciences},
  volume={114},
  number={48},
  pages={12708--12713},
  year={2017},
  publisher={National Acad Sciences},
  file={Biblio/DomainSpecific/Academia/PNAS-2017-Tomkins-12708-13.pdf}
}


@article{mensh2017ten,
  title={Ten simple rules for structuring papers},
  author={Mensh, Brett and Kording, Konrad},
  journal={PLoS computational biology},
  volume={13},
  number={9},
  pages={e1005619},
  year={2017},
  publisher={Public Library of Science},
  file={Biblio/DomainSpecific/Academia/journal.pcbi.1005619.pdf}
}


@article{edwards2017academic,
  title={Academic research in the 21st century: Maintaining scientific integrity in a climate of perverse incentives and hypercompetition},
  author={Edwards, Marc A and Roy, Siddhartha},
  journal={Environmental Engineering Science},
  volume={34},
  number={1},
  pages={51--61},
  year={2017},
  publisher={Mary Ann Liebert, Inc. 140 Huguenot Street, 3rd Floor New Rochelle, NY 10801 USA},
  file={Biblio/DomainSpecific/Academia/ees.2016.0223.pdf}
}


@article{leek2017five,
  title={Five ways to fix statistics},
  author={Leek, Jeff and McShane, Blakeley B and Gelman, Andrew and Colquhoun, David and Nuijten, Mich{\`e}le B and Goodman, Steven N},
  journal={Nature},
  volume={551},
  number={7682},
  pages={557--559},
  year={2017},
  publisher={Nature Publishing Group},
  file={Biblio/DomainSpecific/Academia/d41586-017-07522-z.pdf}
}


@article{gay2018climate,
  title={Climate for women in climate science: Women scientists and the Intergovernmental Panel on Climate Change},
  author={Gay-Antaki, Miriam and Liverman, Diana},
  journal={Proceedings of the National Academy of Sciences},
  volume={115},
  number={9},
  pages={2060--2065},
  year={2018},
  publisher={National Acad Sciences},
  file={Biblio/DomainSpecific/Academia/2060.full.pdf}
}



@article{alberts2018opinion,
  title={Opinion: How to bring science and technology expertise to state governments},
  author={Alberts, Bruce and Gold, Barry D and Martin, Lora Lee and Maxon, Mary E},
  journal={Proceedings of the National Academy of Sciences},
  volume={115},
  number={9},
  pages={1952--1955},
  year={2018},
  publisher={National Acad Sciences},
  file={Biblio/DomainSpecific/Academia/1952.full.pdf}
}



@article{nittrouer2018gender,
  title={Gender disparities in colloquium speakers at top universities},
  author={Nittrouer, Christine L and Hebl, Michelle R and Ashburn-Nardo, Leslie and Trump-Steele, Rachel CE and Lane, David M and Valian, Virginia},
  journal={Proceedings of the National Academy of Sciences},
  volume={115},
  number={1},
  pages={104--108},
  year={2018},
  publisher={National Acad Sciences},
  file = {Docs/10.1073@pnas.1708414115.pdf}
}


@article{levecque2017work,
	Author = {Levecque, Katia and Anseel, Frederik and De Beuckelaer, Alain and Van der Heyden, Johan and Gisle, Lydia},
	Date-Added = {2018-04-13 12:37:23 +0000},
	Date-Modified = {2018-04-13 12:37:23 +0000},
	Journal = {Research Policy},
	Number = {4},
	Pages = {868--879},
	Publisher = {Elsevier},
	Title = {Work organization and mental health problems in PhD students},
	Volume = {46},
	Year = {2017},
	file = {Docs/1-s2.0-S0048733317300422-main.pdf}
	Bdsk-File-1 = {YnBsaXN0MDDUAQIDBAUGJCVYJHZlcnNpb25YJG9iamVjdHNZJGFyY2hpdmVyVCR0b3ASAAGGoKgHCBMUFRYaIVUkbnVsbNMJCgsMDxJXTlMua2V5c1pOUy5vYmplY3RzViRjbGFzc6INDoACgAOiEBGABIAFgAdccmVsYXRpdmVQYXRoWWFsaWFzRGF0YV8QJkRvY3MvMS1zMi4wLVMwMDQ4NzMzMzE3MzAwNDIyLW1haW4ucGRm0hcLGBlXTlMuZGF0YU8RAjYAAAAAAjYAAgAADE1hY2ludG9zaCBIRAAAAAAAAAAAAAAAAAAAANUtdRFIKwAAAD751R8xLXMyLjAtUzAwNDg3MzMzMTczMCMzMzlGOEQucGRmAAAAAAAAAAAAAAAAAAAAAAAAAAAAAAAAAAAAAAAAAAAAM5+N1l8bhwAAAAAAAAAAAAEAAwAACSAAAAAAAAAAAAAAAAAAAAAERG9jcwAQAAgAANUtWPEAAAARAAgAANZfDXcAAAABABwAPvnVACKGUwASNxcAEjYCAAq96QAJqTgABmncAAIAek1hY2ludG9zaCBIRDpVc2VyczoAanVzdGU6AENvbXBsZXhTeXN0ZW1zOgBCaWJsaW86AERvbWFpblNwZWNpZmljOgBBY2FkZW1pY1ByYWN0aWNlOgBEb2NzOgAxLXMyLjAtUzAwNDg3MzMzMTczMCMzMzlGOEQucGRmAA4ARAAhADEALQBzADIALgAwAC0AUwAwADAANAA4ADcAMwAzADMAMQA3ADMAMAAwADQAMgAyAC0AbQBhAGkAbgAuAHAAZABmAA8AGgAMAE0AYQBjAGkAbgB0AG8AcwBoACAASABEABIAaFVzZXJzL2p1c3RlL0NvbXBsZXhTeXN0ZW1zL0JpYmxpby9Eb21haW5TcGVjaWZpYy9BY2FkZW1pY1ByYWN0aWNlL0RvY3MvMS1zMi4wLVMwMDQ4NzMzMzE3MzAwNDIyLW1haW4ucGRmABMAAS8AABUAAgAM//8AAIAG0hscHR5aJGNsYXNzbmFtZVgkY2xhc3Nlc11OU011dGFibGVEYXRhox0fIFZOU0RhdGFYTlNPYmplY3TSGxwiI1xOU0RpY3Rpb25hcnmiIiBfEA9OU0tleWVkQXJjaGl2ZXLRJidUcm9vdIABAAgAEQAaACMALQAyADcAQABGAE0AVQBgAGcAagBsAG4AcQBzAHUAdwCEAI4AtwC8AMQC/gMAAwUDEAMZAycDKwMyAzsDQANNA1ADYgNlA2oAAAAAAAACAQAAAAAAAAAoAAAAAAAAAAAAAAAAAAADbA==}}
