


@article{cascone2017architectural,
  title={Architectural self-fabrication},
  author={Cascone, Paolo and Galdi, Flavio and Giglio, Andrea and Ciancio, Elena},
  journal={International Journal of Parallel, Emergent and Distributed Systems},
  volume={32},
  number={sup1},
  pages={S39--S53},
  year={2017},
  publisher={Taylor \& Francis},
  file={Biblio/DomainSpecific/Architecture/Architectural_self_fabrication.pdf}
}



@ARTICLE{2018arXiv181107440A,
       author = {{Adamatzky}, Andrew and {Szacilowski}, Konrad and {Przyczyna}, Dawid and
         {Konkoli}, Zoran and {Sirakoulis}, Georgios Ch. and {Werner}, Liss C.},
        title = "{On buildings that compute. A proposal}",
      journal = {arXiv e-prints},
     keywords = {Computer Science - Emerging Technologies},
         year = "2018",
        month = "Nov",
          eid = {arXiv:1811.07440},
        pages = {arXiv:1811.07440},
archivePrefix = {arXiv},
       eprint = {1811.07440},
 primaryClass = {cs.ET},
       adsurl = {https://ui.adsabs.harvard.edu/\#abs/2018arXiv181107440A},
      adsnote = {Provided by the SAO/NASA Astrophysics Data System},
	file={Biblio/DomainSpecific/Architecture/1811.07440.pdf}
}




@ARTICLE{2016arXiv160205109B,
   author = {{Belaidouni}, S. and {Miraoui}, M. and {Tadj}, C.},
    title = "{Towards an Efficient Smart Space Architecture}",
  journal = {ArXiv e-prints},
archivePrefix = "arXiv",
   eprint = {1602.05109},
 primaryClass = "cs.CY",
 keywords = {Computer Science - Computers and Society, Computer Science - Human-Computer Interaction},
     year = 2016,
    month = feb,
   adsurl = {http://adsabs.harvard.edu/abs/2016arXiv160205109B},
  adsnote = {Provided by the SAO/NASA Astrophysics Data System},
    file={Biblio/DomainSpecific/Architecture/1602.05109.pdf}
}

@article{chrysikou2018we,
  title={Why we need new architectural and design paradigms to meet the needs of vulnerable people},
  author={Chrysikou, Evangelia},
  journal={Palgrave Communications},
  volume={4},
  number={1},
  pages={116},
  year={2018},
  publisher={Nature Publishing Group},
  file={Biblio/DomainSpecific/Architecture/s41599-018-0171-z.pdf}
}

