



@article{nature2021collaborations,
title={Collaborations with artists go beyond communicating the science},
author={Nature Editorial},
journal={Nature},
volume={590},
pages={528},
year={2021},
doi={10.1038/d41586-021-00469-2},
file={Biblio/DomainSpecific/Art/d41586-021-00469-2.pdf},
url={https://www.nature.com/articles/d41586-021-00469-2}
}



@article{gewin2021how,
title={How to shape a productive scientist–artist collaboration},
author={Gewin, V.},
journal={Nature},
year={2021},
url={https://www.nature.com/articles/d41586-021-00397-1},
doi={10.1038/d41586-021-00397-1},
volume={590},
pages={515-518},
file={Biblio/DomainSpecific/Art/d41586-021-00397-1.pdf}
}


@article{ibbett2021sound,
title={The sound of stars},
author={Ibbett, D.},
journal={Nature},
year={2021},
doi={10.1038/d41586-021-00398-0},
url={https://www.nature.com/articles/d41586-021-00398-0}
}


@article{dance2021all,
title={‘All my art is curiosity-driven’: the garden studio where art and physics collide},
author={Dance, A.},
journal={Nature},
volume={590},
pages={520},
year={2021},
doi={10.1038/d41586-021-00399-z},
url={https://www.nature.com/articles/d41586-021-00399-z},
file={Biblio/DomainSpecific/Art/d41586-021-00399-z.pdf}
}


@article{dance2021how,
title={How the arts can help you to craft a successful research career},
author={Dance, A.},
journal={Nature},
volume={590},
pages={351-353},
year={2021},
doi={10.1038/d41586-021-00334-2},
url={https://www.nature.com/articles/d41586-021-00334-2},
file={Biblio/DomainSpecific/Art/d41586-021-00334-2.pdf},
file2={Biblio/DomainSpecific/Art/Screenshot\ 2021-02-17\ at\ 17.34.37.png,Biblio/DomainSpecific/Art/Screenshot\ 2021-02-17\ at\ 17.35.37.png}
}



@article{Balietti27073,
	author = {Balietti, Stefano},
	title = {The human quest for discovering mathematical beauty in the arts},
	volume = {117},
	number = {44},
	pages = {27073--27075},
	year = {2020},
	doi = {10.1073/pnas.2018652117},
	publisher = {National Academy of Sciences},
	issn = {0027-8424},
	URL = {https://www.pnas.org/content/117/44/27073},
	eprint = {https://www.pnas.org/content/117/44/27073.full.pdf},
	journal = {Proceedings of the National Academy of Sciences},
	file={Biblio/DomainSpecific/Art/10.1073@pnas.2018652117.pdf}
}




@article{doi:10.1098/rsif.2019.0686,
author = {Perc, Matjaž },
title = {Beauty in artistic expressions through the eyes of networks and physics},
journal = {Journal of The Royal Society Interface},
volume = {17},
number = {164},
pages = {20190686},
year = {2020},
doi = {10.1098/rsif.2019.0686},

URL = {https://royalsocietypublishing.org/doi/abs/10.1098/rsif.2019.0686},
eprint = {https://royalsocietypublishing.org/doi/pdf/10.1098/rsif.2019.0686}
,
    abstract = { Beauty is subjective, and as such it, of course, cannot be defined in absolute terms. But we all know or feel when something is beautiful to us personally. And in such instances, methods of statistical physics and network science can be used to quantify and to better understand what it is that evokes that pleasant feeling, be it when reading a book or looking at a painting. Indeed, recent large-scale explorations of digital data have lifted the veil on many aspects of our artistic expressions that would remain forever hidden in smaller samples. From the determination of complexity and entropy of art paintings to the creation of the flavour network and the principles of food pairing, fascinating research at the interface of art, physics and network science abounds. We here review the existing literature, focusing in particular on culinary, visual, musical and literary arts. We also touch upon cultural history and culturomics, as well as on the connections between physics and the social sciences in general. The review shows that the synergies between these fields yield highly entertaining results that can often be enjoyed by layman and experts alike. In addition to its wider appeal, the reviewed research also has many applications, ranging from improved recommendation to the detection of plagiarism. },
file={Biblio/DomainSpecific/Art/rsif.2019.0686.pdf}
}




@book{caliandro2019morphodynamics,
title={Morphodynamics in Aesthetics Essays on the Singularity of the Work of Art},
author={Caliandro, S.},
publisher={Springer, Cham},
isbn={978-3-030-29631-5},
url={https://link.springer.com/book/10.1007/978-3-030-29631-5},
year={2019}
}


@article{Beans7638,
	author = {Beans, Carolyn},
	title = {Science and Culture: Sentient architecture promises insight into our evolving relationship with AI},
	volume = {115},
	number = {30},
	pages = {7638--7640},
	year = {2018},
	doi = {10.1073/pnas.1809390115},
	publisher = {National Academy of Sciences},
	issn = {0027-8424},
	URL = {https://www.pnas.org/content/115/30/7638},
	eprint = {https://www.pnas.org/content/115/30/7638.full.pdf},
	journal = {Proceedifile={Biblio/DomainSpecific/Art/ngs of the National Academy of Sciences},
	file={Biblio/DomainSpecific/Art/7638.full.pdf}
}




@article{illingworth2019feeling,
author={Illingworth, S.},
title={Feeling stuck? Close your laptop, stop your field measurements and write a poem},
journal={Nature},
year={2019},
doi={10.1038/d41586-019-02912-x},
url={https://www.nature.com/articles/d41586-019-02912-x}
}


@article{baker2019big,
author={Baker, J.}
title={Big bangs and bronze ice: reflections on Olafur Eliasson},
journal={Nature},
year={2019},
doi={10.1038/d41586-019-02228-w},
url={https://www.nature.com/articles/d41586-019-02228-w}
}



@article{ball2019artist,
author={Ball, P.},
title={Artist of deep time},
journal={Nature},
year={2019},
pages={457},
volume={568},
url={https://www.nature.com/articles/d41586-019-01240-4},
doi={10.1038/d41586-019-01240-4},
file={Biblio/DomainSpecific/Art/d41586-019-01240-4.pdf}
}


@ARTICLE{2019arXiv190406110B,
       author = {{Berg}, Joachim and {Berggren}, Nils Gustav Andreas and
         {Allergodt Borgeteien}, Sivert and {Jahren}, Christian Ruben Alexander and
         {Sajid}, Arqam and {Nichele}, Stefano},
        title = "{Evolved Art with Transparent, Overlapping, and Geometric Shapes}",
      journal = {arXiv e-prints},
     keywords = {Computer Science - Neural and Evolutionary Computing, Computer Science - Artificial Intelligence},
         year = "2019",
        month = "Apr",
          eid = {arXiv:1904.06110},
        pages = {arXiv:1904.06110},
archivePrefix = {arXiv},
       eprint = {1904.06110},
 primaryClass = {cs.NE},
       adsurl = {https://ui.adsabs.harvard.edu/abs/2019arXiv190406110B},
      adsnote = {Provided by the SAO/NASA Astrophysics Data System},
	file={Biblio/DomainSpecific/Art/1904.06110.pdf}
}




@article{Ornes4760,
	author = {Ornes, Stephen},
	title = {Science and Culture: Computers take art in new directions, challenging the meaning of {\textquotedblleft}creativity{\textquotedblright}},
	volume = {116},
	number = {11},
	pages = {4760--4763},
	year = {2019},
	doi = {10.1073/pnas.1900883116},
	publisher = {National Academy of Sciences},
	issn = {0027-8424},
	URL = {https://www.pnas.org/content/116/11/4760},
	eprint = {https://www.pnas.org/content/116/11/4760.full.pdf},
	journal = {Proceedings of the National Academy of Sciences},
	file={Biblio/DomainSpecific/Art/4760.full.pdf}
}



@article{goymer2019frozen,
  author={Goymer, P.},
  title={Frozen arias for the Anthropocene epoch},
  journal={Nature},
  year={2019},
  url={https://www.nature.com/articles/d41586-019-00640-w}
}


@article{Shneiderman1837,
	author = {Shneiderman, Ben},
	title = {Creativity and collaboration: Revisiting cybernetic serendipity},
	volume = {116},
	number = {6},
	pages = {1837--1843},
	year = {2019},
	doi = {10.1073/pnas.1807200116},
	publisher = {National Academy of Sciences},
	issn = {0027-8424},
	URL = {https://www.pnas.org/content/116/6/1837},
	eprint = {https://www.pnas.org/content/116/6/1837.full.pdf},
	journal = {Proceedings of the National Academy of Sciences},
	file={Biblio/DomainSpecific/Art/1837.full.pdf}
}


@article{kneebone2018science,
  author={Roger Kneebone and Claudia Schlegel and Alan Spivey},
  title={Science in hand: how art and craft can boost reproducibility},
  journal={Nature},
  year={2018},
  volume={564},
  pages={188-189},
  doi={10.1038/d41586-018-07676-4},
  file={Biblio/DomainSpecific/Art/d41586-018-07676-4.pdf}
}



@article{pearlman2018so,
  title={So, one of those tiny alien spaceships has flown into your house. Now what?},
  author={Laura Pearlman},
  journal={Nature},
  volume={563},
  pages={730},
  year={2018},
  doi={10.1038/d41586-018-07517-4},
  file={Biblio/DomainSpecific/Art/d41586-018-07517-4.pdf}
}


@article{tessmer2018how,
  title={How it feels to be swallowed by a black hole},
  author={Gretchen Tessmer},
  journal={Nature},
  volume={563},
  pages={592},
  year={2018},
  file={d41586-018-07441-7.pdf}
}



@ARTICLE{2015arXiv151203301S,
   author = {{Schich}, M.},
    title = "{Figuring Out Art History}",
  journal = {ArXiv e-prints},
archivePrefix = "arXiv",
   eprint = {1512.03301},
 primaryClass = "physics.soc-ph",
 keywords = {Physics - Physics and Society, Quantitative Biology - Populations and Evolution, 91D10 (Primary), 94C15, 68R10 (Secondary), J.5, J.4, J.2, E.1},
     year = 2015,
    month = oct,
   adsurl = {http://adsabs.harvard.edu/abs/2015arXiv151203301S},
  adsnote = {Provided by the SAO/NASA Astrophysics Data System},
  file={Biblio/DomainSpecific/Art/1512.03301.pdf}
}




@ARTICLE{2018arXiv180706623B,
   author = {{Basov}, N. and {De Nooy}, W. and {Nenko}, A.},
    title = "{Emergent Meaning Structures: A Socio-Semantic Network Analysis of Artistic Collectives}",
  journal = {ArXiv e-prints},
archivePrefix = "arXiv",
   eprint = {1807.06623},
 keywords = {Computer Science - Social and Information Networks, Physics - Physics and Society},
     year = 2018,
    month = jul,
   adsurl = {http://adsabs.harvard.edu/abs/2018arXiv180706623B},
  adsnote = {Provided by the SAO/NASA Astrophysics Data System},
  file={Biblio/DomainSpecific/Art/1807.06623.pdf}
}





@article{Beans5303,
	author = {Beans, Carolyn},
	title = {Science and Culture: Artistic endeavors strive to save coral reefs},
	volume = {115},
	number = {21},
	pages = {5303--5305},
	year = {2018},
	doi = {10.1073/pnas.1807178115},
	publisher = {National Academy of Sciences},
	issn = {0027-8424},
	URL = {http://www.pnas.org/content/115/21/5303},
	eprint = {http://www.pnas.org/content/115/21/5303.full.pdf},
	journal = {Proceedings of the National Academy of Sciences},
 	file={Biblio/DomainSpecific/Art/5303.full.pdf}
}



@article{beans2018science,
	  title={Science and Culture: Wearable tech meets tattoo art in a bid to revolutionize both},
	    author={Beans, Carolyn},
	      journal={Proceedings of the National Academy of Sciences},
	        volume={115},
		  number={14},
		    pages={3504--3506},
		      year={2018},
		        publisher={National Acad Sciences},
			file={Biblio/DomainSpecific/Art/3504.full.pdf}
}


