




@article{witze2021nasa,
title={NASA spacecraft will slam into asteroid in first planetary-defence test},
author={Witze, A.},
journal={Nature},
volume={600},
pages={17-18},
year={2021},
doi={10.1038/d41586-021-03471-w},
url={https://www.nature.com/articles/d41586-021-03471-w},
file={Biblio/DomainSpecific/Astronomy/d41586-021-03471-w.pdf}
}


@article{witze2021stars,
title={The 2,000 stars where aliens would catch a glimpse of Earth},
author={Witze, A.},
journal={Nature},
year={2021},
doi={10.1038/d41586-021-01692-7},
url={https://www.nature.com/articles/d41586-021-01692-7}
}


@article{dong2017lamost,
  title={LAMOST telescope reveals that Neptunian cousins of hot Jupiters are mostly single offspring of stars that are rich in heavy elements},
  author={Dong, Subo and Xie, Ji-Wei and Zhou, Ji-Lin and Zheng, Zheng and Luo, Ali},
  journal={Proceedings of the National Academy of Sciences},
  pages={201711406},
  year={2017},
  publisher={National Acad Sciences},
  file={Biblio/DomainSpecific/Astronomy/10.1073@pnas.1711406115.pdf}
}


@article{dong2018atmospheric,
  title={Atmospheric escape from the TRAPPIST-1 planets and implications for habitability},
  author={Dong, Chuanfei and Jin, Meng and Lingam, Manasvi and Airapetian, Vladimir S and Ma, Yingjuan and van der Holst, Bart},
  journal={Proceedings of the National Academy of Sciences},
  volume={115},
  number={2},
  pages={260--265},
  year={2018},
  publisher={National Acad Sciences},
  file={Biblio/DomainSpecific/Astronomy/10.1073@pnas.1708010115.pdf}
}



