

@article{krakauer2020information,
  title={The information theory of individuality},
  author={Krakauer, David and Bertschinger, Nils and Olbrich, Eckehard and Flack, Jessica C and Ay, Nihat},
  journal={Theory in Biosciences},
  volume={139},
  number={2},
  pages={209--223},
  year={2020},
  publisher={Springer},
  file={Biblio/DomainSpecific/Autopoiesis/Krakauer2020_Article_TheInformationTheoryOfIndividu.pdf}
}

