



@article{soriguera2018simulation,
  title={A simulation model for public bike-sharing systems},
  author={Soriguera, Francesc and Casado, V{\'\i}ctor and Jim{\'e}nez, Enrique},
  journal={Transportation Research Procedia},
  volume={33},
  pages={139--146},
  year={2018},
  publisher={Elsevier},
  file={Biblio/DomainSpecific/BikeSharing/1-s2.0-S2352146518302412-main.pdf}
}


@article{lu2018improving,
  title={Improving the sustainability of integrated transportation system with bike-sharing: A spatial agent-based approach},
  author={Lu, Miaojia and Hsu, Shu-Chien and Chen, Pi-Cheng and Lee, Wan-Yu},
  journal={Sustainable cities and society},
  volume={41},
  pages={44--51},
  year={2018},
  publisher={Elsevier},
  file={Biblio/DomainSpecific/BikeSharing/1-s2.0-S2210670718304700-main.pdf}
}


@article{lu2019considering,
  title={Considering user behavior in free-floating bike sharing system design: A data-informed spatial agent-based model},
  author={Lu, Miaojia and An, Kecheng and Hsu, Shu-Chien and Zhu, Rui},
  journal={Sustainable cities and society},
  volume={49},
  pages={101567},
  year={2019},
  publisher={Elsevier},
  file={Biblio/DomainSpecific/BikeSharing/1-s2.0-S2210670719301623-main.pdf}
}



@article{albuquerque2021machine,
  title={Machine Learning Approaches to Bike-Sharing Systems: A Systematic Literature Review},
  author={Albuquerque, Vit{\'o}ria and Sales Dias, Miguel and Bacao, Fernando},
  journal={ISPRS International Journal of Geo-Information},
  volume={10},
  number={2},
  pages={62},
  year={2021},
  publisher={Multidisciplinary Digital Publishing Institute},
  file={Biblio/DomainSpecific/BikeSharing/ijgi-10-00062.pdf}
}



@article{shui2020review,
  title={A review of bicycle-sharing service planning problems},
  author={Shui, CS and Szeto, WY},
  journal={Transportation Research Part C: Emerging Technologies},
  volume={117},
  pages={102648},
  year={2020},
  publisher={Elsevier},
  file={Biblio/DomainSpecific/BikeSharing/1-s2.0-S0968090X20305635-main.pdf}
}


@article{kroes2020generating,
  title={Generating efficient rebalancing routes for bikeshare programs using a genetic algorithm},
  author={Kroes, James R and Manikas, Andrew S and Gattiker, Thomas F},
  journal={Journal of Cleaner Production},
  volume={244},
  pages={118880},
  year={2020},
  publisher={Elsevier},
  file={Biblio/DomainSpecific/BikeSharing/1-s2.0-S0959652619337503-main.pdf}
}


