


@misc{jacobs2018channelbased,
      title={A Channel-Based Perspective on Conjugate Priors}, 
      author={Bart Jacobs},
      year={2018},
      eprint={1707.00269},
      archivePrefix={arXiv},
      primaryClass={cs.LO},
      file={Biblio/DomainSpecific/CategoryTheory/1707.00269.pdf}
}

