file={Biblio/DomainSpecific/China/


@article{shidong2001population,
  title={Population, consumption, and land use in the Pearl River delta, Guangdong Province},
  author={Shidong, Zhao and Yi, Zeng and Wanqi, Bai and Jiehua, Lu and Wenhu, Qi and Taolin, Z and Guiping, L and Mingzhou, Qin and Leiwen, Jiang},
  journal={Tri-Academy Panel (Indian National Science Academy, Chinese Academy of Sciences, and US National Academy of Sciences)(Eds.), Growing Populations, Changing Landscapes: Studies from India, China, and the United States. National Academy Press, Washington, DC},
  pages={207--230},
  year={2001},
  url={https://www.nap.edu/read/10144/chapter/16}
}



@article{tong1997advantages,
  title={The advantages of a high density, mixed land use, linear urban development},
  author={Tong, CO and Wong, SC},
  journal={Transportation},
  volume={24},
  number={3},
  pages={295--307},
  year={1997},
  publisher={Springer},
  file={Biblio/DomainSpecific/China/tong1997.pdf}
}

@article{shao2018taiwanese,
  title={How the Taiwanese Do China Studies: Applications of Text Mining},
  author={Shao, Hsuan-Lei and Huang, Sieh-Chuen and Tsai, Yun-Cheng},
  journal={arXiv preprint arXiv:1801.00912},
  year={2018},
  file={Biblio/DomainSpecific/China/1801.00912.pdf}
}

