




@article{elhacham2020global,
  title={Global human-made mass exceeds all living biomass},
  author={Elhacham, Emily and Ben-Uri, Liad and Grozovski, Jonathan and Bar-On, Yinon M and Milo, Ron},
  journal={Nature},
  pages={1--3},
  year={2020},
  publisher={Nature Publishing Group},
  file={Biblio/DomainSpecific/Sustainability/s41586-020-3010-5.pdf}
}




@article{ajisegiri2020multiple,
  title={Multiple Input Multiple Output (MIMO) Model of an Industrial Ecosystem: An Agent-Based Modeling Approach},
  author={Ajisegiri, Ganiyu O and Muller, Frans L},
  journal={Engineering, Technology \& Applied Science Research},
  volume={10},
  number={4},
  pages={6092--6101},
  year={2020},
  file={Biblio/DomainSpecific/CircularEconomy/3673-Research%20Paper-10968-2-10-20200817.pdf}
}


@article{macarthur2013towards,
  title={Towards the circular economy},
  author={MacArthur, Ellen and others},
  journal={Journal of Industrial Ecology},
  volume={2},
  pages={23--44},
  year={2013},
  file={Biblio/DomainSpecific/CircularEconomy/Ellen-MacArthur-Foundation-Towards-the-Circular-Economy-vol.1.pdf}
}



@article{anderies2000modeling,
  title={On modeling human behavior and institutions in simple ecological economic systems},
  author={Anderies, John M},
  journal={Ecological Economics},
  volume={35},
  number={3},
  pages={393--412},
  year={2000},
  publisher={Elsevier},
  file={Biblio/DomainSpecific/CircularEconomy/1-s2.0-S0921800900002214-main.pdf}
}



@article{baas2010eco,
  title={Eco-Industrial Parks in the Netherlands: The Rotterdam Harbor and Industry Complex},
  author={Baas, LW and Korevaar, Gijsberg},
  journal={Sustainable Development in the Process Industries, Wiley, Hoboken, NJ},
  pages={59--79},
  year={2010},
  publisher={Wiley Online Library},
  file={Biblio/DomainSpecific/CircularEconomy/9780470586099.ch5.pdf}
}




@article{fonseca2011agent,
  title={An agent-based model to simulate the development of industrial parks in an urban network},
  author={Fonseca, Fernando Pereira da and Ramos, Rui AR},
  journal={Semana da Escola de Engenharia},
  year={2011},
  file={Biblio/DomainSpecific/CircularEconomy/Paper_Guimaraes.pdf}
}



@article{mi2019sharing,
	Author = {Mi, Zhifu and Coffman, D'Maris},
	Journal = {Nature Communications},
	Number = {1},
	Pages = {1214},
	Title = {The sharing economy promotes sustainable societies},
	Volume = {10},
	Year = {2019},
	file={Biblio/DomainSpecific/CircularEconomy/s41467-019-09260-4.pdf}
}




@article{geng2019how,
  title={How to globalize the circular economy},
  author={Geng Y. and Sarkis, J. and Bleischwitz, R.},
  journal={Nature},
  volume={565}, 
  pages={153--155},
  year={2019},
  doi={10.1038/d41586-019-00017-z},
  url={https://www.nature.com/articles/d41586-019-00017-z}
}

