



@misc{anand2020peoplexploit,
      title={PeopleXploit -- A hybrid tool to collect public data}, 
      author={Arjun Anand V au2 and Buvanasri A K and Meenakshi R and Dr. Karthika S and Ashok Kumar Mohan},
      year={2020},
      eprint={2010.15668},
      archivePrefix={arXiv},
      primaryClass={cs.CY},
      file={Biblio/DomainSpecific/ComputerScience/2010.15668.pdf}
}


@inproceedings{chattopadhyay2020s,
  title={What's Wrong with Computational Notebooks? Pain Points, Needs, and Design Opportunities},
  author={Chattopadhyay, Souti and Prasad, Ishita and Henley, Austin Z and Sarma, Anita and Barik, Titus},
  booktitle={Proceedings of the 2020 CHI Conference on Human Factors in Computing Systems},
  pages={1--12},
  year={2020},
  file={Biblio/DomainSpecific/ComputerScience/Chattopadhyay2020CHI_NotebookPainpoints.pdf}
}



@article{schrijver2012history,
  title={On the history of the shortest path problem},
  author={Schrijver, Alexander},
  journal={Documenta Mathematica},
  volume={17},
  pages={155},
  year={2012},
  file={Biblio/DomainSpecific/ComputerScience/shortestroutessummary.pdf}
}



@ARTICLE{2020arXiv200109747H,
       author = {{Hartmann}, Dirk and {van der Auweraer}, Herman},
        title = "{Digital Twins}",
      journal = {arXiv e-prints},
     keywords = {Computer Science - Computers and Society, J.2, J.6, I.6.0, G.0},
         year = "2020",
        month = "Jan",
          eid = {arXiv:2001.09747},
        pages = {arXiv:2001.09747},
archivePrefix = {arXiv},
       eprint = {2001.09747},
 primaryClass = {cs.CY},
       adsurl = {https://ui.adsabs.harvard.edu/abs/2020arXiv200109747H},
      adsnote = {Provided by the SAO/NASA Astrophysics Data System},
	file={Biblio/DomainSpecific/ComputerScience/2001.09747.pdf}
}





@article{giatrakos2019interactive,
  title={Interactive extreme: Scale analytics towards battling cancer},
  author={Giatrakos, Nikos and Katzouris, Nikos and Deligiannakis, Antonios and Artikis, Alexander and Garofalakis, Minos and Paliouras, George and Arndt, Holger and Grasso, Raffaele and Klinkenberg, Ralf and De Leon, Miguel Ponce and others},
  journal={IEEE Technology and Society Magazine},
  volume={38},
  number={2},
  pages={54--61},
  year={2019},
  publisher={IEEE},
  file={Biblio/DomainSpecific/ComputerScience/08733936.pdf}
}



@ARTICLE{2017arXiv170605271E,
       author = {{El Bakouny}, Youssef and {Crolard}, Tristan and {Mezher}, Dani},
        title = "{A Coq-based synthesis of Scala programs which are correct-by-construction}",
      journal = {arXiv e-prints},
     keywords = {Computer Science - Programming Languages, Computer Science - Logic in Computer Science},
         year = "2017",
        month = "Jun",
          eid = {arXiv:1706.05271},
        pages = {arXiv:1706.05271},
archivePrefix = {arXiv},
       eprint = {1706.05271},
 primaryClass = {cs.PL},
       adsurl = {https://ui.adsabs.harvard.edu/abs/2017arXiv170605271E},
      adsnote = {Provided by the SAO/NASA Astrophysics Data System},
	file={Biblio/DomainSpecific/ComputerScience/1706.05271.pdf}
}




@article{woodcock2009formal,
  title={Formal methods: Practice and experience},
  author={Woodcock, Jim and Larsen, Peter Gorm and Bicarregui, Juan and Fitzgerald, John},
  journal={ACM computing surveys (CSUR)},
  volume={41},
  number={4},
  pages={19},
  year={2009},
  publisher={ACM},
  file={Biblio/DomainSpecific/ComputerScience/fm_survey_2009.pdf}
}




@inproceedings{odersky2017simplicitly,
  title={Simplicitly: Foundations and applications of implicit function types},
  author={Odersky, Martin and Blanvillain, Olivier and Liu, Fengyun and Biboudis, Aggelos and Miller, Heather and Stucki, Sandro},
  booktitle={45th ACM SIGPLAN Symposium on Principles of Programming Languages},
  number={CONF},
  year={2017},
  file={Biblio/DomainSpecific/ComputerScience/simplicitly_1.pdf}
}



@INPROCEEDINGS{8890389,
author={X. {You} and H. {Yang} and Z. {Luan} and D. {Qian}},
booktitle={2019 IEEE Intl Conf on Dependable, Autonomic and Secure Computing, Intl Conf on Pervasive Intelligence and Computing, Intl Conf on Cloud and Big Data Computing, Intl Conf on Cyber Science and Technology Congress (DASC/PiCom/CBDCom/CyberSciTech)},
title={L-DAG: Enabling Loopy Workflow in Scientific Application with Automatic DAG Transformation},
year={2019},
volume={},
number={},
pages={946-953},
abstract={With the advance of distributed computing, workflows are widely used in the process of scientific discovery. To satisfy the increasing demands for more complicated science workflows, many workflow engines are developed on top of the batch scheduling systems, such as HTCondor. The workflow is commonly represented as a directed acyclic graph (DAG) without loops. However, none of the existing workflow engines can support workflow containing loops, which is not unusual in modern scientific applications. To address the above limitation, we propose two methods including loop unrolling and recursive DAG to transform loopy workflows into DAGs without loops. In addition, we develop L-DAG, a tool that can automatically transform a loopy workflow defined in Extensible Markup Language (XML) into DAG running on HTCondor DAGMan. We evaluate our methods for supporting loopy workflows from various aspects such as performance and storage overhead. We also provide a case study with real-world workflow in aviation application.},
keywords={Task analysis;Transforms;XML;Engines;Tools;Computational modeling;Atmospheric modeling;Loopy workflow, DAG, Automatic transformation, Scientific application, HTCondor},
doi={10.1109/DASC/PiCom/CBDCom/CyberSciTech.2019.00174},
ISSN={},
month={Aug},
file={Biblio/DomainSpecific/ComputerScience/08890389.pdf}
}


@article{nature2019precarious,
title={A precarious milestone for quantum computing},
author={Nature Editorial},
journal={Nature},
year={2019},
volume={574},
pages={453-454},
doi={10.1038/d41586-019-03168-1},
url={https://www.nature.com/articles/d41586-019-03168-1},
file={Biblio/DomainSpecific/ComputerScience/d41586-019-03168-1.pdf}
}



@article{arute2019quantum,
  title={Quantum supremacy using a programmable superconducting processor},
  author={Arute, Frank and Arya, Kunal and Babbush, Ryan and Bacon, Dave and Bardin, Joseph C and Barends, Rami and Biswas, Rupak and Boixo, Sergio and Brandao, Fernando GSL and Buell, David A and others},
  journal={Nature},
  volume={574},
  number={7779},
  pages={505--510},
  year={2019},
  publisher={Nature Publishing Group},
  file={Biblio/DomainSpecific/ComputerScience/s41586-019-1666-5.pdf}
}




@article{hu2018chaff,
  title={Chaff Bugs: Deterring Attackers by Making Software Buggier},
  author={Hu, Zhenghao and Hu, Yu and Dolan-Gavitt, Brendan},
  journal={arXiv preprint arXiv:1808.00659},
  year={2018},file={Biblio/DomainSpecific/ComputerScience/
  file={Biblio/DomainSpecific/ComputerScience/1808.00659.pdf}
}



@incollection{torra2016algebraic,
  title={Algebraic Data Types},
  author={Torra, Vicen{\c{c}}},
  booktitle={Scala: From a Functional Programming Perspective},
  pages={87--92},
  year={2016},
  publisher={Springer},
  file={Biblio/DomainSpecific/ComputerScience/2016_Book_ScalaFromAFunctionalProgrammin.pdf}
}



@inproceedings{economides1991multi,
  title={Multi-objective routing in integrated services networks: A game theory approach},
  author={Economides, Anastasios A and Silvester, John A},
  booktitle={IEEE INFCOM'91. The conference on Computer Communications. Tenth Annual Joint Comference of the IEEE Computer and Communications Societies Proceedings},
  pages={1220--1227},
  year={1991},
  organization={IEEE},
  file={Biblio/DomainSpecific/ComputerScience/MULTI-OBJECTIVE_ROUTING_IN_INTEGRATED_SERVICES_NETWORKS-A_GAME_THEORY_APPROACH.pdf}
}




@article{borders2019integer,
  title={Integer factorization using stochastic magnetic tunnel junctions},
  author={Borders, William A and Pervaiz, Ahmed Z and Fukami, Shunsuke and Camsari, Kerem Y and Ohno, Hideo and Datta, Supriyo},
  journal={Nature},
  volume={573},
  number={7774},
  pages={390--393},
  year={2019},
  publisher={Nature Publishing Group},
  file={Biblio/DomainSpecific/ComputerScience/s41586-019-1557-9.pdf}
}




@article{nature2019how,
title={How to make computing more sustainable},
author={Nature Editorial},
journal={Nature},
volume={573},
pages={310},
year={2019},
doi={10.1038/d41586-019-02781-4},
file={Biblio/DomainSpecific/ComputerScience/d41586-019-02781-4.pdf},
url={https://www.nature.com/articles/d41586-019-02781-4}
}




@article{sebastian2019gaussian,
	Author = {Sebastian, Amritanand and Pannone, Andrew and Subbulakshmi Radhakrishnan, Shiva and Das, Saptarshi},
	Journal = {Nature Communications},
	Number = {1},
	Pages = {4199},
	Title = {Gaussian synapses for probabilistic neural networks},
	Volume = {10},
	Year = {2019},
	file={Biblio/DomainSpecific/ComputerScience/s41467-019-12035-6.pdf}
}





@article{santini2005we,
  title={We Are Sorry to Inform You...},
  author={Santini, Simone},
  journal={Computer},
  number={12},
  pages={128--126},
  year={2005},
  publisher={IEEE},
  file={Biblio/DomainSpecific/ComputerScience/01556500.pdf}
}



@article{vedres2019gendered,
  title={Gendered behavior as a disadvantage in open source software development},
  author={Vedres, Balazs and Vasarhelyi, Orsolya},
  journal={EPJ Data Science},
  volume={8},
  number={1},
  pages={25},
  year={2019},
  publisher={Springer Berlin Heidelberg},
  file={Biblio/DomainSpecific/ComputerScience/s13688-019-0202-z.pdf}
}


@article{wolpert2019space,
	Author = {Wolpert, David H. and Kolchinsky, Artemy and Owen, Jeremy A.},
	Journal = {Nature Communications},
	Number = {1},
	Pages = {1727},
	Title = {A space--time tradeoff for implementing a function with master equation dynamics},
	Volume = {10},
	Year = {2019},
	file={Biblio/DomainSpecific/ComputerScience/s41467-019-09542-x.pdf}
}




@article{perkel2019eleven,
author={Perkel, J.M.},
title={11 ways to avert a data-storage disaster},
journal={Nature},
volume={568},
pages={131-132},
year={2019},
doi={10.1038/d41586-019-01040-w},
url={https://www.nature.com/articles/d41586-019-01040-w},
file={Biblio/DomainSpecific/ComputerScience/d41586-019-01040-w.pdf}
}



@ARTICLE{2019arXiv190310092M,
       author = {{McCarthy}, Arya D. and {Chen}, Tongfei and {Ebner}, Seth},
        title = "{An Exact No Free Lunch Theorem for Community Detection}",
      journal = {arXiv e-prints},
     keywords = {Computer Science - Social and Information Networks, Computer Science - Discrete Mathematics},
         year = "2019",
        month = "Mar",
          eid = {arXiv:1903.10092},
        pages = {arXiv:1903.10092},
archivePrefix = {arXiv},
       eprint = {1903.10092},
 primaryClass = {cs.SI},
       adsurl = {https://ui.adsabs.harvard.edu/\#abs/2019arXiv190310092M},
      adsnote = {Provided by the SAO/NASA Astrophysics Data System},
	file={Biblio/DomainSpecific/ComputerScience/1903.10092.pdf}
}





@article{descamps2018improving,
author={Descamps, R.},
title={Improving anonymity in Tor through diversity},
journal={MD Thesis, UCL},
year={2018},
file={Biblio/DomainSpecific/ComputerScience/toranonymity.pdf}
}


@article{Dasgupta13093,
	author = {Dasgupta, Sanjoy and Sheehan, Timothy C. and Stevens, Charles F. and Navlakha, Saket},
	title = {A neural data structure for novelty detection},
	volume = {115},
	number = {51},
	pages = {13093--13098},
	year = {2018},
	doi = {10.1073/pnas.1814448115},
	publisher = {National Academy of Sciences},
	abstract = {This work is significant for two reasons. First, considering fly olfaction in the context of a computational algorithm emphasizes features of olfactory processing that might otherwise be less apparent. For example, comparison of prior approaches for novelty detection makes clear that different odors are not just novel vs. familiar, but rather can have various degrees of novelty depending on the similarities between odors. Second, understanding how the fruit fly olfactory circuit detects novel odors can inspire new methods for similar problems in machine learning. In this way, both computer science and neuroscience benefit from the comparison of these two systems.Novelty detection is a fundamental biological problem that organisms must solve to determine whether a given stimulus departs from those previously experienced. In computer science, this problem is solved efficiently using a data structure called a Bloom filter. We found that the fruit fly olfactory circuit evolved a variant of a Bloom filter to assess the novelty of odors. Compared with a traditional Bloom filter, the fly adjusts novelty responses based on two additional features: the similarity of an odor to previously experienced odors and the time elapsed since the odor was last experienced. We elaborate and validate a framework to predict novelty responses of fruit flies to given pairs of odors. We also translate insights from the fly circuit to develop a class of distance- and time-sensitive Bloom filters that outperform prior filters when evaluated on several biological and computational datasets. Overall, our work illuminates the algorithmic basis of an important neurobiological problem and offers strategies for novelty detection in computational systems.},
	issn = {0027-8424},
	URL = {https://www.pnas.org/content/115/51/13093},
	eprint = {https://www.pnas.org/content/115/51/13093.full.pdf},
	journal = {Proceedings of the National Academy of Sciences},
	file={Biblio/DomainSpecific/ComputerScience/10.1073@pnas.1814448115.pdf}
}



@article{shi2018neuroinspired,
  title={Neuroinspired unsupervised learning and pruning with subquantum CBRAM arrays},
  author={Shi, Yuhan and Nguyen, Leon and Oh, Sangheon and Liu, Xin and Koushan, Foroozan and Jameson, John R and Kuzum, Duygu},
  journal={Nature Communications},
  volume={9},
  number={1},
  pages={5312},
  year={2018},
  publisher={Nature Publishing Group},
  file={Biblio/DomainSpecific/ComputerScience/s41467-018-07682-0.pdf}
}



@ARTICLE{2018arXiv181100414T,
   author = {{Tang}, E.},
    title = "{Quantum-inspired classical algorithms for principal component analysis and supervised clustering}",
  journal = {ArXiv e-prints},
archivePrefix = "arXiv",
   eprint = {1811.00414},
 primaryClass = "cs.DS",
 keywords = {Computer Science - Data Structures and Algorithms, Computer Science - Information Retrieval, Computer Science - Machine Learning, Quantum Physics},
     year = 2018,
    month = oct,
   adsurl = {http://adsabs.harvard.edu/abs/2018arXiv181100414T},
  adsnote = {Provided by the SAO/NASA Astrophysics Data System},
  file = {Docs/1811.00414.pdf}
}




@ARTICLE{2018arXiv181006185T,
   author = {{Tsou}, M.-H. and {Lusher}, D.},
    title = "{Mapping Web Pages by Internet Protocol (IP) addresses: Analyzing Spatial and Temporal Characteristics of Web Search Engine Results}",
  journal = {ArXiv e-prints},
archivePrefix = "arXiv",
   eprint = {1810.06185},
 primaryClass = "cs.IR",
 keywords = {Computer Science - Information Retrieval, Computer Science - Networking and Internet Architecture, Computer Science - Social and Information Networks},
     year = 2018,
    month = oct,
   adsurl = {http://adsabs.harvard.edu/abs/2018arXiv181006185T},
  adsnote = {Provided by the SAO/NASA Astrophysics Data System},
  file={Biblio/DomainSpecific/ComputerScience/1810.06185.pdf}
}




@article{azar2018tractable,
  title={Tractable near-optimal policies for crawling},
  author={Azar, Yossi and Horvitz, Eric and Lubetzky, Eyal and Peres, Yuval and Shahaf, Dafna},
  journal={Proceedings of the National Academy of Sciences},
  volume={115},
  number={32},
  pages={8099--8103},
  year={2018},
  publisher={National Acad Sciences},
  file={Biblio/DomainSpecific/ComputerScience/8099.full.pdf}
}



@article{le2018analysis,
  title={An Analysis of Merge Conflicts and Resolutions in Git-Based Open Source Projects},
  author={Le Nguyen, Hoai and Ignat, Claudia-Lavinia},
  journal={Computer Supported Cooperative Work (CSCW)},
  pages={1--25},
  year={2018},
  publisher={Springer},
  file={Biblio/DomainSpecific/ComputerScience/nguyen2018.pdf}
}



@article{ahmad2018image,
  title={An image encryption approach using particle swarm optimization and chaotic map},
  author={Ahmad, Musheer and Alam, Mohammad Zaiyan and Umayya, Zeya and Khan, Sarah and Ahmad, Faiyaz},
  journal={International Journal of Information Technology},
  pages={1--9},
  year={2018},
  publisher={Springer},
  file={Biblio/DomainSpecific/ComputerScience/10.1007@s41870-018-0099-y.pdf}
}





@article{musco2017ant,
  title={Ant-inspired density estimation via random walks},
  author={Musco, Cameron and Su, Hsin-Hao and Lynch, Nancy A},
  journal={Proceedings of the National Academy of Sciences},
  volume={114},
  number={40},
  pages={10534--10541},
  year={2017},
  publisher={National Acad Sciences},
  file={Biblio/DomainSpecific/ComputerScience/PNAS-2017-Musco-10534-41.pdf}
}


@article{sapienza2018performance,
  title={Performance Dynamics and Success in Online Games},
  author={Sapienza, Anna and Peng, Hao and Ferrara, Emilio},
  journal={arXiv preprint arXiv:1801.09783},
  year={2018},
  file={Biblio/DomainSpecific/ComputerScience/1801.09783.pdf}
}



@inproceedings{sapienza2017early,
  title={Early Warnings of Cyber Threats in Online Discussions},
  author={Sapienza, Anna and Bessi, Alessandro and Damodaran, Saranya and Shakarian, Paulo and Lerman, Kristina and Ferrara, Emilio},
  booktitle={Data Mining Workshops (ICDMW), 2017 IEEE International Conference on},
  pages={667--674},
  year={2017},
  organization={IEEE},
  file={Biblio/DomainSpecific/ComputerScience/1801.09781.pdf}
}


@article{fursin2018collective,
  title={A Collective Knowledge workflow for collaborative research into multi-objective autotuning and machine learning techniques},
  author={Fursin, Grigori and Lokhmotov, Anton and Savenko, Dmitry and Upton, Eben},
  journal={arXiv preprint arXiv:1801.08024},
  year={2018},
  file={Biblio/DomainSpecific/ComputerScience/1801.08024.pdf}
}


@article{lee2018no,
  title={No Silk Road for Online Gamers!: Using Social Network Analysis to Unveil Black Markets in Online Games},
  author={Lee, Eunjo and Woo, Jiyoung and Kim, Hyoungshick and Kim, Huy Kang},
  journal={arXiv preprint arXiv:1801.06368},
  year={2018},
  file={Biblio/DomainSpecific/ComputerScience/1801.06368.pdf}
}


@article{chang2018approximate,
  title={On approximate equivalence of modularity, D and non-negative matrix factorization},
  author={Chang, Zhenhai and Cheng, Hui-Min and Yan, Chao and Yin, Xianjun and Zhang, Zhong-Yuan},
  journal={arXiv preprint arXiv:1801.03618},
  year={2018},
  file={Biblio/DomainSpecific/ComputerScience/1801.03618.pdf}
}



@article{chen2018towards,
  title={Towards Trusted Social Networks with Blockchain Technology},
  author={Chen, Yize and Li, Quanlai and Wang, Hao},
  journal={arXiv preprint arXiv:1801.02796},
  year={2018},
  file={Biblio/DomainSpecific/ComputerScience/1801.02796.pdf}
}


@article{chen2018stable,
  title={Stable Marriage with Multi-Modal Preferences},
  author={Chen, Jiehua and Niedermeier, Rolf and Skowron, Piotr},
  journal={arXiv preprint arXiv:1801.02693},
  year={2018},
  file={Biblio/DomainSpecific/ComputerScience/1801.02693.pdf}
}


@article{singh2018violable,
  title={Violable Contracts and Governance for Blockchain Applications},
  author={Singh, Munindar P and Chopra, Amit K},
  journal={arXiv preprint arXiv:1801.02672},
  year={2018},
  file={Biblio/DomainSpecific/ComputerScience/1801.02672.pdf}
}


@article{dittus2017platform,
  title={Platform Criminalism: The'Last-Mile'Geography of the Darknet Market Supply Chain},
  author={Dittus, Martin and Wright, Joss and Graham, Mark},
  journal={arXiv preprint arXiv:1712.10068},
  year={2017},
  file={Biblio/DomainSpecific/ComputerScience/1712.10068.pdf}
}


@inproceedings{duc2017exploring,
  title={Exploring the outsourcing relationship in software startups: A multiple case study},
  author={Duc, Anh Nguyen and Abrahamsson, Pekka},
  booktitle={Proceedings of the 21st International Conference on Evaluation and Assessment in Software Engineering},
  pages={134--143},
  year={2017},
  organization={ACM},
  file={Biblio/DomainSpecific/ComputerScience/1712.03076.pdf}
}


@article{radziwill2017quality,
  title={Quality and Innovation with Blockchain Technology},
  author={Radziwill, Nicole and Benton, Morgan},
  journal={Software Quality Professional Magazine},
  volume={20},
  number={1},
  year={2017},
  publisher={ASQ},
  file={Biblio/DomainSpecific/ComputerScience/1710.04130.pdf}
}


@article{noone2017visual,
  title={Visual and Textual Programming Languages: A Systematic Review of the Literature},
  author={Noone, Mark and Mooney, Aidan},
  journal={arXiv preprint arXiv:1710.01547},
  year={2017},
  file={Biblio/DomainSpecific/ComputerScience/1710.01547.pdf}
}


@article{souza2017data,
  title={Data reduction in scientific workflows using provenance monitoring and user steering},
  author={Souza, Renan and Silva, Vitor and Coutinho, Alvaro LGA and Valduriez, Patrick and Mattoso, Marta},
  journal={Future Generation Computer Systems},
  year={2017},
  publisher={Elsevier},
  file={Biblio/DomainSpecific/ComputerScience/1-s2.0-S0167739X16308238-main.pdf}
}


@ARTICLE{2018arXiv180403056D,
   author = {{Darer}, A. and {Farnan}, O. and {Wright}, J.},
    title = "{Automated Discovery of Internet Censorship by Web Crawling}",
  journal = {ArXiv e-prints},
archivePrefix = "arXiv",
   eprint = {1804.03056},
 primaryClass = "cs.CY",
 keywords = {Computer Science - Computers and Society},
     year = 2018,
    month = apr,
   adsurl = {http://adsabs.harvard.edu/abs/2018arXiv180403056D},
  adsnote = {Provided by the SAO/NASA Astrophysics Data System},
  file={Biblio/DomainSpecific/ComputerScience/1804.03056.pdf}
}


@ARTICLE{2018arXiv180303528Q,
	   author = {{Queyroi}, F.},
	       title = "{Biological and Shortest-Path Routing Procedures for Transportation Network Design}",
	         journal = {ArXiv e-prints},
		 archivePrefix = "arXiv",
		    eprint = {1803.03528},
		     primaryClass = "physics.soc-ph",
		      keywords = {Physics - Physics and Society, Computer Science - Data Structures and Algorithms, Computer Science - Social and Information Networks},
		           year = 2018,
			       month = mar,
			          adsurl = {http://adsabs.harvard.edu/abs/2018arXiv180303528Q},
				    adsnote = {Provided by the SAO/NASA Astrophysics Data System},
				    file={Biblio/DomainSpecific/ComputerScience/1803.03528.pdf}
}




