
@article{grozinger2019pathways,
  title={Pathways to cellular supremacy in biocomputing},
  author={Grozinger, Lewis and Amos, Martyn and Gorochowski, Thomas E and Carbonell, Pablo and Oyarz{\'u}n, Diego A and Stoof, Ruud and Fellermann, Harold and Zuliani, Paolo and Tas, Huseyin and Go{\~n}i-Moreno, Angel},
  journal={Nature Communications},
  volume={10},
  number={1},
  pages={1--11},
  year={2019},
  publisher={Nature Publishing Group},
  file={Biblio/DomainSpecific/Computation/s41467-019-13232-z.pdf}
}

