

@article{tang1993orthogonal,
  title={Orthogonal array-based Latin hypercubes},
  author={Tang, Boxin},
  journal={Journal of the American statistical association},
  volume={88},
  number={424},
  pages={1392--1397},
  year={1993},
  publisher={Taylor \& Francis},
  file={Biblio/DomainSpecific/DOE/tang1993.pdf}
}


@article{gazut2008towards,
  title={Towards the optimal design of numerical experiments},
  author={Gazut, St{\'e}phane and Martinez, Jean-Marc and Dreyfus, G{\'e}rard and Oussar, Yacine},
  journal={IEEE transactions on neural networks},
  volume={19},
  number={5},
  pages={874--882},
  year={2008},
  publisher={IEEE},
  file={Biblio/DomainSpecific/DOE/04469945.pdf}
}

