



@misc{diclemente2020urbanization,
      title={Urbanization and Economic Complexity}, 
      author={Riccardo Di Clemente and Emanuele Strano and Michael Batty},
      year={2020},
      eprint={2009.11966},
      archivePrefix={arXiv},
      primaryClass={physics.soc-ph},
      file={Biblio/DomainSpecific/Econophysics/2009.11966.pdf}
}




@article{verma2020new,
	Author = {Verma, Anshul and Angelini, Orazio and Di Matteo, Tiziana},
	Journal = {EPJ Data Science},
	Number = {1},
	Pages = {8},
	Title = {A new set of cluster driven composite development indicators},
	Volume = {9},
	Year = {2020},
	file={Biblio/DomainSpecific/Econophysics/s13688-020-00225-y.pdf}
}



@article{servedio2018new,
  title={A new and stable estimation method of country economic fitness and product complexity},
  author={Servedio, Vito and Butt{\`a}, Paolo and Mazzilli, Dario and Tacchella, Andrea and Pietronero, Luciano},
  journal={Entropy},
  volume={20},
  number={10},
  pages={783},
  year={2018},
  publisher={Multidfile={Biblio/DomainSpecific/Econophysics/isciplinary Digital Publishing Institute},
  file={Biblio/DomainSpecific/Econophysics/1807.10276.pdf}
}



@ARTICLE{2019arXiv191005596M,
       author = {{Mattsson}, Carolina},
        title = "{Networks of monetary flow at native resolution}",
      journal = {arXiv e-prints},
     keywords = {Physics - Physics and Society, Computer Science - Computers and Society, Economics - General Economics},
         year = "2019",
        month = "Oct",
          eid = {arXiv:1910.05596},
        pages = {arXiv:1910.05596},
archivePrefix = {arXiv},
       eprint = {1910.05596},
 primaryClass = {physics.soc-ph},
       adsurl = {https://ui.adsabs.harvard.edu/abs/2019arXiv191005596M},
      adsnote = {Provided by the SAO/NASA Astrophysics Data System},
	file={Biblio/DomainSpecific/Econophysics/1910.05596.pdf}
}




@article{garcia2016hidden,
  title={The hidden hyperbolic geometry of international trade: World Trade Atlas 1870--2013},
  author={Garc{\'\i}a-P{\'e}rez, Guillermo and Bogu{\~n}{\'a}, Mari{\'a}n and Allard, Antoine and Serrano, M {\'A}ngeles},
  journal={Scientific reports},
  volume={6},
  pages={33441},
  year={2016},
  publisher={Nature Publishing Group},
  file={Biblio/DomainSpecific/Econophysics/Garc-a-P-rez_et_al-2016-Scientific_Reports.pdf}
}


@article{caraglio2016export,
  title={Export dynamics as an optimal growth problem in the network of global economy},
  author={Caraglio, Michele and Baldovin, Fulvio and Stella, Attilio L},
  journal={Scientific reports},
  volume={6},
  pages={31461},
  year={2016},
  publisher={Nature Publishing Group},
  file={Biblio/DomainSpecific/Econophysics/srep31461.pdf}
}


@ARTICLE{2019arXiv190103691B,
       author = {{Bouchaud}, Jean-Philippe},
        title = "{Econophysics: Still fringe after 30 years?}",
      journal = {arXiv e-prints},
     keywords = {Physics - Physics and Society, Quantitative Finance - General Finance},
         year = 2019,
        month = Jan,
          eid = {arXiv:1901.03691},
        pages = {arXiv:1901.03691},
archivePrefix = {arXiv},
       eprint = {1901.03691},
 primaryClass = {physics.soc-ph},
       adsurl = {https://ui.adsabs.harvard.edu/\#abs/2019arXiv190103691B},
      adsnote = {Provided by the SAO/NASA Astrophysics Data System},
	file={Biblio/DomainSpecific/Econophysics/1901.03691.pdf}
}





@ARTICLE{2015arXiv151205066I,
   author = {{Inoue}, H.},
    title = "{Analyses of Aggregate Fluctuations of Firm Network Based on the Self-Organized Criticality Model}",
  journal = {ArXiv e-prints},
archivePrefix = "arXiv",
   eprint = {1512.05066},
 primaryClass = "q-fin.GN",
 keywords = {Quantitative Finance - General Finance, Computer Science - Systems and Control, Physics - Physics and Society},
     year = 2015,
    month = dec,
   adsurl = {http://adsabs.harvard.edu/abs/2015arXiv151205066I},
  adsnote = {Provided by the SAO/NASA Astrophysics Data System},
    file={Biblio/DomainSpecific/Econophysics/1512.05066.pdf}
}


