

@article{balland2022new,
  title={The new paradigm of economic complexity},
  author={Balland, Pierre-Alexandre and Broekel, Tom and Diodato, Dario and Giuliani, Elisa and Hausmann, Ricardo and O'Clery, Neave and Rigby, David},
  journal={Research Policy},
  volume={51},
  number={3},
  pages={104450},
  year={2022},
  publisher={Elsevier},
  file={Biblio/DomainSpecific/EconomicComplexity/1-s2.0-S0048733321002420-main.pdf}
}

