







@article{qing2005dynamic,
  title={Dynamic differential evolution strategy and applications in electromagnetic inverse scattering problems},
  author={Qing, Anyong},
  journal={IEEE Transactions on Geoscience and remote Sensing},
  volume={44},
  number={1},
  pages={116--125},
  year={2005},
  publisher={IEEE},
  file={Biblio/DomainSpecific/EvolutionaryComputation/01564401.pdf}
}


@article{moore2019automated,
  title={Automated discovery of test statistics using genetic programming},
  author={Moore, Jason H and Olson, Randal S and Chen, Yong and Sipper, Moshe},
  journal={Genetic programming and evolvable machines},
  volume={20},
  number={1},
  pages={127--137},
  year={2019},
  publisher={Springer},
  file={Biblio/DomainSpecific/EvolutionaryComputation/Moore2019_Article_AutomatedDiscoveryOfTestStatis.pdf}
}


@article{aleti2015test,
  title={Test data generation with a Kalman filter-based adaptive genetic algorithm},
  author={Aleti, Aldeida and Grunske, Lars},
  journal={Journal of Systems and Software},
  volume={103},
  pages={343--352},
  year={2015},
  publisher={Elsevier},
  file={Biblio/DomainSpecific/EvolutionaryComputation/1-s2.0-S0164121214002660-main.pdf}
}


@article{du2009biogeography,
  title={Biogeography-based optimization: synergies with evolutionary strategies, immigration refusal, and Kalman filters},
  author={Du, Dawei},
  year={2009},
  file={Biblio/DomainSpecific/EvolutionaryComputation/Biogeography-Based%20Optimization_%20Synergies%20with%20Evolutionary%20Stra.pdf}
}


@article{holland1992genetic,
  title={Genetic algorithms},
  author={Holland, John H},
  journal={Scientific american},
  volume={267},
  number={1},
  pages={66--73},
  year={1992},
  publisher={JSTOR},
  file={Biblio/DomainSpecific/EvolutionaryComputation/24939139.pdf}
}


@article{sipper2018investigating,
  title={Investigating the parameter space of evolutionary algorithms},
  author={Sipper, Moshe and Fu, Weixuan and Ahuja, Karuna and Moore, Jason H},
  journal={BioData mining},
  volume={11},
  number={1},
  pages={2},
  year={2018},
  publisher={BioMed Central},
  file={Biblio/DomainSpecific/EvolutionaryComputation/s13040-018-0164-x.pdf}
}


