

@incollection{reggiani2004evolutionary,
  title={Evolutionary approaches to transport and spatial systems},
  author={Reggiani, Aura},
  booktitle={Handbook of transport geography and spatial systems},
  pages={237--253},
  year={2004},
  publisher={Emerald Group Publishing Limited},
  file={Biblio/DomainSpecific/EvolutionaryEconomics/10-1108_9781615832538-014.pdf}
}


@article{straatman2011open,
  title={Open-ended agent-based economic evolution},
  author={Straatman, Bas and Marceau, Danielle J},
  journal={Advanced Geosimulation Models, DJ Marceau and I. Benenson,(Eds), Bentham Science Publisher},
  pages={126--141},
  year={2011}
}

