


@misc{https://doi.org/10.48550/arxiv.2205.15951,
  doi = {10.48550/ARXIV.2205.15951},
  
  url = {https://arxiv.org/abs/2205.15951},
  
  author = {Singh, Sandhya and Roy, Prapti and Sahoo, Nihar and Mallela, Niteesh and Gupta, Himanshu and Bhattacharyya, Pushpak and Savagaonkar, Milind and {Nidhi} and Ramnani, Roshni and Maitra, Anutosh and Sengupta, Shubhashis},
  
  keywords = {Computation and Language (cs.CL), Computers and Society (cs.CY), Machine Learning (cs.LG), FOS: Computer and information sciences, FOS: Computer and information sciences},
  
  title = {Hollywood Identity Bias Dataset: A Context Oriented Bias Analysis of Movie Dialogues},
  
  publisher = {arXiv},
  
  year = {2022},
  
  copyright = {arXiv.org perpetual, non-exclusive license},
  file={Biblio/DomainSpecific/FilmsMining/2205.15951.pdf}
}



@misc{mazieres2021computational,
      title={Computational appraisal of gender representativeness in popular movies}, 
      author={Antoine Mazieres and Telmo Menezes and Camille Roth},
      year={2021},
      eprint={2009.09067},
      archivePrefix={arXiv},
      primaryClass={cs.CY},
      file={Biblio/DomainSpecific/FilmsMining/2009.09067.pdf}
}


@inproceedings{lafhel2020movie,
  title={Movie Script Similarity Using Multilayer Network Portrait Divergence},
  author={Lafhel, Majda and Cherifi, Hocine and Renoust, Benjamin and El Hassouni, Mohammed and Mourchid, Youssef},
  booktitle={International Conference on Complex Networks and Their Applications},
  pages={284--295},
  year={2020},
  organization={Springer},
  file={Biblio/DomainSpecific/NetworkScience/2021_Book_ComplexNetworksTheirApplicatio.pdf}
}



@article{prevot2015historical,
  title={Historical evidence for nature disconnection in a 70-year time series of Disney animated films},
  author={Pr{\'e}vot-Julliard, Anne-Caroline and Julliard, Romain and Clayton, Susan},
  journal={Public Understanding of Science},
  volume={24},
  number={6},
  pages={672--680},
  year={2015},
  publisher={SAGE Publications Sage UK: London, England},
  file={Biblio/DomainSpecific/FilmsMining/0963662513519042.pdf}
}

