


@article{pickering2017profunctor,
  title={Profunctor optics: Modular data accessors},
  author={Pickering, Matthew and Gibbons, Jeremy and Wu, Nicolas},
  journal={arXiv preprint arXiv:1703.10857},
  year={2017},
  file={Biblio/DomainSpecific/FunctionalProgramming/1703.10857.pdf}
}



@book{welsh2017scala,
title={Scala with Cats},
year={2017},
author={Welsh, N.and Gurnell, D.},
publisher={Underscore Consulting LLP, Brighton, UK},
file={Biblio/DomainSpecific/FunctionalProgramming/scala-with-cats.pdf}
}

