


@article{kononovagamification,
  title={GAMIFICATION AND INTERDISCIPLINARY SCIENTIFIC RESEARCH: SCIENTIFIC TEXT MINING},
  author={Kononova, Olga and Prokudin, Dmitry and Timofeeva, Angelina},
  file={Biblio/DomainSpecific/Gamification/05_202008C026_S024.pdf}
}


@article{sorensen2016exploring,
  title={Exploring the quantum speed limit with computer games},
  author={S{\o}rensen, Jens Jakob WH and Pedersen, Mads Kock and Munch, Michael and Haikka, Pinja and Jensen, Jesper Halkj{\ae}r and Planke, Tilo and Andreasen, Morten Ginnerup and Gajdacz, Miroslav and M{\o}lmer, Klaus and Lieberoth, Andreas and others},
  journal={Nature},
  volume={532},
  number={7598},
  pages={210},
  year={2016},
  publisher={Nature Publishing Group},
  file={Biblio/DomainSpecific/Gamification/srensen2016.pdf}
}

