

@misc{batty2017geocomputation,
  title={Geocomputation},
  author={Batty, Michael},
  year={2017},
  publisher={SAGE Publications Sage UK: London, England},
  file={Biblio/DomainSpecific/Geocomputation/2399808317710343.pdf}
}

