




@article{cupri2022ginsburger,
  title={Ginsburger N., Robic M.-C., Tissier J.-L. (dir.), 2021, Géographes français en Seconde Guerre mondiale, Paris, Éditions de la Sorbonne, 442 p.},
  author={Cupri, Hugo},
  journal={Cybergeo: European Journal of Geography},
  year={2022},
  publisher={CNRS-UMR G{\'e}ographie-cit{\'e}s 8504},
  url={https://journals.openedition.org/cybergeo/37992}
}



@article{pumain2021guermond,
  title={Guermond Y., 2020, La citoyennet{}\'e {\`a} travers la g{\'e}ographie. Paris, l'Harmattan, 132 p.},
  author={Pumain, Denise},
  journal={Cybergeo: European Journal of Geography},
  year={2021},
  publisher={CNRS-UMR G{\'e}ographie-cit{\'e}s 8504},
  url={https://journals.openedition.org/cybergeo/37754},
  doi={10.4000/cybergeo.37754}
}




@article{badariotti2021trente,
  title={Trente millions d'adresses : boulevards et impasses d'une recherche sur la complexité lexicale et spatiale des odonymes},
  author={Badariotti, D. and Pfaender, F. and Pinol, J.L.},
  journal={Cybergeo: European Journal of Geography},
  year={2020},
  volume={36989},
  doi={10.4000/cybergeo.36989},
  publisher={CNRS-UMR G{\'e}ographie-cit{\'e}s 8504}
}



@article{pumain2021confiance,
  title={Confiance dans la g{\'e}ographie},
  author={Pumain, Denise},
  journal={Cybergeo: European Journal of Geography},
  year={2021},
  pages={36829},
  publisher={CNRS-UMR G{\'e}ographie-cit{\'e}s 8504},
  url={https://journals.openedition.org/cybergeo/36829}
}



@article{leszczynski2021reconstituting,
title={Reconstituting Geography for the 21st century},
author={Leszczynski, A. and Stallins, J.A. and Castree, N. and Schwanen, T. and Patel, Z.},
journal={EPF: Philosophy, Theory, Models, Methods and Practice},
year={2021},
file={Biblio/DomainSpecific/Geography/epf1005376_rev3.pdf},
url={https://us.sagepub.com/sites/default/files/epf1005376_rev3.pdf}
}




@article{wolf2020quantitative,
  title={Quantitative geography III: Future challenges and challenging futures},
  author={Wolf, Levi John and Fox, Sean and Harris, Rich and Johnston, Ron and Jones, Kelvyn and Manley, David and Tranos, Emmanouil and Wang, Wenfei Winnie},
  journal={Progress in Human Geography},
  pages={0309132520924722},
  year={2020},
  publisher={SAGE Publications Sage UK: London, England},
  file={Biblio/DomainSpecific/Geography/0309132520924722.pdf}
}



@article{madore2021pour,
  title={Pour une g{\'e}ographie des courses {\`a} pied en France},
  author={Mador{\'e}, Fran{\c{c}}ois and Loret, St{\'e}phane},
  journal={Cybergeo: European Journal of Geography},
  year={2021},
  publisher={CNRS-UMR G{\'e}ographie-cit{\'e}s 8504},
  url={https://journals.openedition.org/cybergeo/36688}
}



@article{doi:10.1177/0309132520940833,
title ={Book review symposium. Inventing Future Cities},
author={Tranos, E. and Kleinhans, R. and Manley, D. and Batty, M.},
journal = {Progress in Human Geography},
volume = {0},
number = {0},
pages = {0309132520940833},
year = {0},
doi = {10.1177/0309132520940833},

URL = { 
        https://doi.org/10.1177/0309132520940833
    
},
eprint = { 
        https://doi.org/10.1177/0309132520940833
    
},
file={Biblio/DomainSpecific/Geography/0309132520940833.pdf}
}




@article{zdanowska2020central,
  title={Central Eastern European cities within multi-level transnational company networks: cores, peripheries and diffusion of innovation},
  author={Zdanowska, Natalia},
  journal={Environment and Planning B: Urban Analytics and City Science},
  pages={2399808320977863},
  year={2020},
  publisher={SAGE Publications Sage UK: London, England},
  file={Biblio/DomainSpecific/Geography/2399808320977863.pdf}
}



@article{resch2020voulzie,,
  title={“La Voulzie à Paris” : étude des oppositions à la dérivation des sources de la Voulzie à partir des discours de la presse écrite (1885–1929)},
  author={Resch, M. and Lavie, E. and Arnaud-Fassetta, G.},
  journal={Cybergeo: European journal of geography},
  year={2020},
  publisher={CNRS-UMR G{\'e}ographie-cit{\'e}s 8504},
  url={https://journals.openedition.org/cybergeo/35713}
}



@inproceedings{durand1991particulier,
  title={Le particulier et le g{\'e}n{\'e}ral en g{\'e}ographie},
  author={Durand-Dast{\`e}s, Fran{\c{c}}ois},
  booktitle={Actes du sixi{\`e}me colloque de didactique de l'histoire, de la g{\'e}ographie et des sciences sociales},
  volume={6},
  pages={209--219},
  year={1991},
  organization={Institut national de recherche p{\'e}dagogique},
  file={Biblio/DomainSpecific/Geography/1992%20F%20Durand-Dastès%20-%20Le%20particulier%20et%20le%20général%20en%20géographie.pdf}
}



@article{lugo2020role,
  title={The role of ports in the dynamics of urban hierarchies},
  author={Lugo, Igor and Alatriste-Contreras, Martha G and Pumain, Denise},
  journal={Maritime Policy \& Management},
  pages={1--18},
  year={2020},
  publisher={Routledge},
  file={Biblio/DomainSpecific/Geography/lugo2020.pdf}
}



@article{Kosowska-Stamirowska12719,
	author = {Kosowska-Stamirowska, Zuzanna},
	title = {Network effects govern the evolution of maritime trade},
	volume = {117},
	number = {23},
	pages = {12719--12728},
	year = {2020},
	doi = {10.1073/pnas.1906670117},
	publisher = {National Academy of Sciences},
	abstract = {Over 70\% of the total value of international trade is carried by sea, accounting for 80\% of all cargo volumes. Maritime trade flows impact both the economic development of the concerned regions and their ecosystems. Shipping routes are constantly evolving and likely to be affected by the consequences of climate change, while, at the same time, ships are a considerable source of pollution. This work performs a rigorous and comprehensive analysis of maritime trade flows on a global scale over a long period, taking into account aspects of evolution, reactions to shocks, and discovering predictive models. We use machine learning methods to uncover the single dominant dynamics that govern the evolution of the structure and the intensity of maritime trade.Maritime transport accounts for over 80\% of the world trade volume and is the backbone of the global economy. Global supply chains create a complex network of trade flows. The structure of this network impacts not only the socioeconomic development of the concerned regions but also their ecosystems. The movements of ships are a considerable source of CO2 emissions and contribute to climate change. In the wake of the announced development of Arctic shipping, the need to understand the behavior of the maritime trade network and to predict future trade flows becomes pressing. We use a unique database of daily movements of the world fleet over the period 1977{\textendash}2008 and apply machine learning techniques on network data to develop models for predicting the opening of new shipping lines and for forecasting trade volume on links. We find that the evolution of this system is governed by a simple rule from network science, relying on the number of common neighbors between pairs of ports. This finding is consistent over all three decades of temporal data. We further confirm it with a natural experiment, involving traffic redirection from the port of Kobe after the 1995 earthquake. Our forecasting method enables researchers and industry to easily model effects of potential future scenarios at the level of ports, regions, and the world. Our results also indicate that maritime trade flows follow a form of random walk on the underlying network structure of sea connections, highlighting its pivotal role in the development of maritime trade.},
	issn = {0027-8424},
	URL = {https://www.pnas.org/content/117/23/12719},
	eprint = {https://www.pnas.org/content/117/23/12719.full.pdf},
	journal = {Proceedings of the National Academy of Sciences},
	file={Biblio/DomainSpecific/Geography/10.1073@pnas.1906670117.pdf}
}


@article{zdanowska2020evolution,
  title={Evolution of urban hierarchies under globalisation in Western and Eastern Europe},
  author={Zdanowska, Natalia and Rozenblat, C{\'e}line and Pumain, Denise},
  journal={Regional Statistics},
  volume={10},
  number={2},
  year={2020},
  publisher={Hungarian Central Statistical Office},
  file={Biblio/DomainSpecific/Geography/Zdanowska_etal2020.pdf}
}


@article{zdanowska2020dynamiques,
  title={Dynamiques des villes centre-est europ{\'e}ennes face aux transformations politico-{\'e}conomiques (1961--2011)},
  author={Zdanowska, Natalia},
  journal={Cybergeo: European Journal of Geography},
  year={2020},
  publisher={CNRS-UMR G{\'e}ographie-cit{\'e}s 8504},
  url={https://journals.openedition.org/cybergeo/34142}
}


@article{fenet2020population,
  title={La population, grande oubli{\'e}e des politiques de pr{\'e}vention et de gestion territoriales des risques industriels: le cas de l’agglom{\'e}ration rouennaise},
  author={Fenet, Justine and Daud{\'e}, {\'E}ric},
  journal={Cybergeo: European Journal of Geography},
  year={2020},
  publisher={CNRS-UMR G{\'e}ographie-cit{\'e}s 8504},
  url={https://journals.openedition.org/cybergeo/34020}
}



@article{reymond2018proposition,
  title={Proposition pour un arch{\'e}type urbain logico-g{\'e}ographique: l’association {\guillemotleft}logique trichotomique-logique ternaire antagoniste{\guillemotright} et son int{\'e}r{\^e}t g{\'e}ographique},
  author={Reymond, Henri and Cauvin, Colette},
  journal={Cybergeo: European Journal of Geography},
  year={2018},
  publisher={CNRS-UMR G{\'e}ographie-cit{\'e}s 8504},
  url={https://journals.openedition.org/cybergeo/29177}
}



@article{guette2018naturalite,
  title={{\guillemotleft}Naturalit{\'e}{\guillemotright}: concepts et m{\'e}thodes appliqu{\'e}s {\`a} la conservation de la nature},
  author={Guett{\'e}, Adrien and Carruthers-Jones, Jonathan and Godet, Laurent and Robin, Marc},
  journal={Cybergeo: European Journal of Geography},
  year={2018},
  publisher={CNRS-UMR G{\'e}ographie-cit{\'e}s 8504},
  url={https://journals.openedition.org/cybergeo/29140}
}



@incollection{pumain:halshs-02303136,
  TITLE = {{Les voies de l'interaction et les hi{\'e}rarchies urbaines}},
  AUTHOR = {Pumain, Denise},
  URL = {https://halshs.archives-ouvertes.fr/halshs-02303136},
  BOOKTITLE = {{actes du colloque Voies, r{\'e}seaux, paysages en Gaule en hommage {\`a} Jean-Luc Fiches, Revue d'Arch{\'e}ologie Narbonnaise}},
  YEAR = {2019},
  KEYWORDS = {Cities ; systemsof cities ; urban hierarchy ; spatial interaction ; evolutionary theory ; COUV ; PARIS team ; hi{\'e}rarchie urbaine ; Villes ; th{\'e}orie {\'e}volutive ; interaction spatiale ; syst{\`e}mes de villes},
  PDF = {https://halshs.archives-ouvertes.fr/halshs-02303136/file/Pont%20du%20Gard.pdf},
  HAL_ID = {halshs-02303136},
  HAL_VERSION = {v1},
  file={Biblio/DomainSpecific/Geography/PumainHierarchies_PontduGard.pdf}
}



@article{knafou1990dements,
  title={Elements graphiques pour une mod{\'e}lisation spatiale des stations de sports d'hiver},
  author={KNAFOU, R{\'e}my},
  year={1990},
  journal={Mappemonde},
  volume={90},
  number={2},
  file={Biblio/DomainSpecific/Geography/m4.pdf}
}


@inproceedings{pumain2006systemes,
  title={Syst{\`e}mes de villes et niveaux d'organisation},
  author={Pumain, Denise},
  year={2006},
  booktitle={P. Bourgine, A. Lesne. Morphogenèse. L’origine des formes},
  file={Biblio/DomainSpecific/Geography/morphogenese_villesdp.pdf}
}




@misc{pumain1993villes,
  title={Villes, m{\'e}tropoles, r{\'e}gions urbaines, un essai de clarification des concepts},
  author={Pumain, Denise},
  year={1993},
  file={Biblio/DomainSpecific/Geography/2302-14.pdf}
}


@phdthesis{swerts2013systemes,
  title={Les syst{\`e}mes de villes en Inde et en Chine},
  author={Swerts, Elfie},
  year={2013},
  file={Biblio/DomainSpecific/Geography/SWERTS_Elfie_PhD2013.pdf}
}


@article{dimeo2017territorialite,
title={Territorialit{\'e}},
author={Di Meo, G.},
journal={Hypergeo},
year={2017},
url={http://www.hypergeo.eu/spip.php?article699}
}



@phdthesis{commenges2013invention,
  title={L'invention de la mobilit{\'e} quotidienne. Aspects performatifs des instruments de la socio-{\'e}conomie des transports},
  author={Commenges, Hadrien},
  year={2013},
  school={Universit{\'e} Paris-Diderot-Paris VII},
  file={Biblio/DomainSpecific/Geography/Commenges_TheseDoctorale2013.pdf}
}



@article{debarbieux1993haut,
  title={Du haut lieu en g{\'e}n{\'e}ral et du mont Blanc en particulier},
  author={Debarbieux, Bernard},
  journal={L'Espace g{\'e}ographique},
  pages={5--13},
  year={1993},
  publisher={JSTOR},
  file={Biblio/DomainSpecific/Geography/spgeo_0046-2497_1993_num_22_1_3123.pdf}
}





@article{pumain1991humeur,
  title={Humeur de chaos},
  author={Pumain, Denise},
  journal={Espace Geographique},
  volume={19},
  number={4},
  pages={309--310},
  year={1991},
  file={Biblio/DomainSpecific/Geography/spgeo_0046-2497_1990_num_19_4_3009.pdf}
}




@article{rantisi2007conceptualizing,
  title={Conceptualizing City-Regions as “Places” and ldquo; Spaces”},
  author={Rantisi, Norma},
  journal={The Arab World Geographer},
  volume={10},
  number={3-4},
  pages={227--237},
  year={2007},
  publisher={AWG Publishing},
  url={https://www.arabworldgeographer.org/doi/abs/10.5555/arwg.10.3-4.rhn215q97271uv62}
}



@article{tobler1993three,
  title={Three Presentations on Geographical Analysis and Modeling: Non-Isotropic Geographic Modeling; Speculations on the Geometry of Geography; and Global Spatial Analysis (93-1)},
  author={Tobler, Waldo},
  year={1993},
  file={Biblio/DomainSpecific/Geography/qt05r820mz.pdf}
}



@article{raimbault2013logistics,
  title={Logistics locations--the joint dependence between networks and territories},
  author={Raimbault, Nicolas and Douet, Marie and Fr{\'e}mont, Antoine},
  journal={L’Espace g{\'e}ographique},
  volume={42},
  number={1},
  pages={31--42},
  year={2013},
  publisher={Belin},
  file={Biblio/DomainSpecific/Geography/E_EG_421_0032.pdf}
}




@article{yang2005multilevel,
  title={Multilevel governance in the cross-boundary region of Hong Kong--Pearl River Delta, China},
  author={Yang, Chun},
  journal={Environment and Planning A},
  volume={37},
  number={12},
  pages={2147--2168},
  year={2005},
  publisher={SAGE Publications Sage UK: London, England},
  file={Biblio/DomainSpecific/Geography/PRDGovernance_EnvironmentandPlanningA.pdf}
}




@article{derycke2000nouveaux,
  title={Nouveaux regards sur la croissance et la dynamique des villes},
  author={Derycke, Pierre-Henri},
  journal={Revue R{\'e}gion et D{\'e}veloppement},
  volume={11},
  pages={1--25},
  year={2000}
}



@article{pumain2002role,
  title={Le r{\^o}le des math{\'e}matiques dans une {\guillemotleft}r{\'e}volution{\guillemotright} th{\'e}orique et quantitative: la g{\'e}ographie fran{\c{c}}aise depuis les ann{\'e}es 1970},
  author={Pumain, Denise and Robic, Marie-Claire},
  journal={Revue d'histoire des Sciences Humaines},
  number={1},
  pages={123--144},
  year={2002},
  publisher={Editions Sciences Humaines},
  file={Biblio/DomainSpecific/Geography/RHSH_006_0123.pdf}
}



@book{plassard2003transport,
title={Transport et Territoire},
author={Plassard, F.},
publisher={La Documentation Francaise, Paris},
url={http://www.sudoc.abes.fr/xslt/DB=2.1//SRCH?IKT=12&TRM=097337811},
notes={ISBN: 2-11-005432-8. Recherche menée par le PREDIT 2, Programme national de recherche, d'expérimentation et d'innovation dans les transports terrestres,1996-2000}
}


@phdthesis{carrouet2013tgv,
  title={Du TGV Rhin-Rh{\^o}ne au" Territoire" Rhin-Rh{\^o}ne: r{\'e}ticularit{\'e}, mobilit{\'e} et territorialit{\'e} dans un espace interm{\'e}diaire},
  author={Carrouet, Guillaume},
  year={2013},
  school={Universit{\'e} de Bourgogne},
  file={Biblio/DomainSpecific/Geography/these_A_CARROUET_Guillaume_2013.pdf}
}



@phdthesis{drevelle2015desservir,
  title={Desservir les faibles densit{\'e}s par les transports collectifs routiers: des r{\'e}seaux aux prises avec le territoire},
  author={Drevelle, Matthieu},
  year={2015},
  file={Biblio/DomainSpecific/Geography/Drevelle_these_tome1_memoire%20PDF-A.pdf}
}



@article{migozzi2012ecole,
  title={L'{\'e}cole des Springboks: le rugby scolaire au Cap, entre s{\'e}gr{\'e}gation et d{\'e}s{\'e}gr{\'e}gation},
  author={Migozzi, Julien},
  year={2012},
  journal={Mappemonde},
  url={https://mappemonde-archive.mgm.fr/num36/articles/art12404.html}
}


@article{pumain2016aveline,
title={Aveline-Dubach N., Sue-Ching Jou, Hsin-Huang M.-H. (eds), 2014, Globalisation and new intra-urban dynamics in Asian Cities, Taipei, National Taiwan University Press, 459 p.},
author={Pumain, D.},
journal={Cybergeo: European Journal of Geography},
year={2016},
publisher={CNRS-UMR G{\'e}ographie-cit{\'e}s 8504},
url={https://journals.openedition.org/cybergeo/27804}
}


@book{dauphine2017geographical,
  title={Geographical Models with Mathematica},
  author={Dauphine, Andre},
  year={2017},
  publisher={Elsevier},
  file={Biblio/DomainSpecific/Geography/doc_dhssdqzwkmot.pdf}
}





@article{bourdeau2009idee,
  title={L'id{\'e}e de r{\'e}gion et le fait urbain The idea of region and the urban fact},
  author={Bourdeau-Lepage, Lise and Huriot, Jean-Marie},
  journal={Revue dEconomie Regionale Urbaine},
  number={2},
  pages={267--287},
  year={2009},
  publisher={Armand Colin},
  file={Biblio/DomainSpecific/Geography/RERU_092_0267.pdf}
}



@article{berroir2017systemes,
  title={Les syst{\`e}mes urbains fran{\c{c}}ais: une approche relationnelle},
  author={Berroir, Sandrine and Cattan, Nadine and Dobruszkes, Fr{\'e}d{\'e}ric and Gu{\'e}rois, Marianne and Paulus, Fabien and Vacchiani-Marcuzzo, C{\'e}line},
  journal={Cybergeo: European Journal of Geography},
  year={2017},
  publisher={CNRS-UMR G{\'e}ographie-cit{\'e}s 8504},
  url={https://journals.openedition.org/cybergeo/27945}
}



@article{pumain1996information,
  title={Information sur la G{\'e}ographie Th{\'e}orique et Quantitative en France},
  author={Pumain, Denise and Rozenblat, C{\'e}line and Mathian, H{\'e}l{\`e}ne},
  journal={Cybergeo: European Journal of Geography},
  year={1996},
  publisher={CNRS-UMR G{\'e}ographie-cit{\'e}s 8504},
  url={https://journals.openedition.org/cybergeo/221}
}



@article{101465093653,
year="2019",
issn="1720-3929",
journal="Scienze Regionali, Italian Journal of Regional Science",
number="2/2019",
doi="10.14650/93653",
title="In memory of Giovanni Rabino",
url="https://www.rivisteweb.it/doi/10.14650/93653",
publisher="Societ? editrice il Mulino",
keywords="",
author="Michael Batty",
pages="311--312",
language="it"
}




@article{vannier2016patterns,
  title={Patterns of landscape change in a rapidly urbanizing mountain region},
  author={Vannier, Cl{\'e}mence and Lefebvre, J{\'e}r{\'e}mie and Longaretti, Pierre-Yves and Lavorel, Sandra},
  journal={Cybergeo: European Journal of Geography},
  year={2016},
  publisher={CNRS-UMR G{\'e}ographie-cit{\'e}s 8504},
  url={https://journals.openedition.org/cybergeo/27800}
}



@article{pumain2019boulay,
author={Pumain, D.},
title={Boulay G., Grandclément A., 2019, Introduction à la géographie économique, Paris, Armand Colin, Coll. Cursus, 222 p.},
journal={Cybergeo : European Journal of Geography},
year={2019},
publisher={CNRS-UMR G{\'e}ographie-cit{\'e}s 8504},
url={http://journals.openedition.org/cybergeo/32287}
}



@article{brennetot2019societe,
title={La société ouverte et la justice territoriale},
author={Brennetot, A.},
year={2019},
journal={Cybergeo, European Journal of Geography},
url={https://journals.openedition.org/cybergeo/32162}
}



@article{guermond2019propos,
author={Guermond, Y.},
title={À propos du ``tournant éthique''},
journal={Cybergeo European Journal of Geography},
volume={32148},
year={2019},
url={https://journals.openedition.org/cybergeo/32148}
}


@article{bret2019elements,
author={Bret, B.},
title={Eléments pour une réponse},
journal={Cybergeo European Journal of Geography},
volume={32136},
year={2019},
url={https://journals.openedition.org/cybergeo/32136}
}


@article{guermond2019questionnement,
author={Guermond, Y.},
title={Questionnement sur la justice spatiale},
journal={Cybergeo European Journal of Geography},
volume={32128},
year={2019},
url={https://journals.openedition.org/cybergeo/32128}
}



@article{guerois2019following,
author={Gu{\'e}rois, M. and Bretagnolle, A. and Pavard, A. and Gourdon, P. and Zdanowska, N.},
title={Following the population of European urban areas in the last half century (1961-2011): the TRADEVE database},
journal={Cybergeo: European Journal of Geography},
  year={2019},
  publisher={CNRS-UMR G{\'e}ographie-cit{\'e}s 8504},
url={https://journals.openedition.org/cybergeo/32034}
}


@article{reymond2016pour,
  title={Pour une g{\'e}ographie processuelle: g{\'e}o-anthroposyst{\`e}me et logique ternaire},
  author={Reymond, Henri and Cauvin, Colette},
  journal={Cybergeo: European Journal of Geography},
  year={2016},
  publisher={CNRS-UMR G{\'e}ographie-cit{\'e}s 8504},
  url={https://journals.openedition.org/cybergeo/27725}
}



@article{aguejdad2016etalement,
  title={{\'E}talement urbain et g{\'e}oprospective: apports et limites des mod{\`e}les de spatialisation. Application aux mod{\`e}les SLEUTH, LCM et NEDUM-2D},
  author={Aguejdad, Rahim and Doukari, Omar and Houet, Thomas and Avner, Paolo and Vigui{\'e}, Vincent},
  journal={Cybergeo: European Journal of Geography},
  year={2016},
  publisher={CNRS-UMR G{\'e}ographie-cit{\'e}s 8504},
  url={https://journals.openedition.org/cybergeo/27668}
}



@article{doi:10.1177/0308518X19831591,
author = {Allen J. Scott},
title ={City-regions reconsidered},
journal = {Environment and Planning A: Economy and Space},
volume = {0},
number = {0},
pages = {0308518X19831591},
year = {0},
doi = {10.1177/0308518X19831591},

URL = { 
        https://doi.org/10.1177/0308518X19831591
    
},
eprint = { 
        https://doi.org/10.1177/0308518X19831591
    
}
,
    abstract = { I seek to provide an overview of the historical and geographical emergence of city-regions and to reflect on some of the debates that have arisen in regard to the theoretical status of these phenomena. I briefly describe the growth and spread of city-regions in the world since the mid-1950s and I consider how contemporary capitalism and globalization have fostered the development of this distinctive urban form. The internal organization of city-regions is then examined, with special reference to four generic outcomes: (1) aestheticized land-use intensification; (2) gentrification; (3) social polarization and informality; and (4) postsuburban landscapes. Issues of governance and policy are scrutinized and basic dilemmas of political coordination in city-regions are described. The argument ends with an evaluative review of certain critiques of the city-region idea in the current academic literature. },
file={Biblio/DomainSpecific/Geography/0308518x19831591.pdf}
}



@phdthesis{tannier:tel-01668615,
  TITLE = {{Analysis and simulation of the concentration and the dispersion of human settlements from local to regional scale. Multi-scale and trans-scale models}},
  AUTHOR = {Tannier, C{\'e}cile},
  URL = {https://hal.archives-ouvertes.fr/tel-01668615},
  SCHOOL = {{Universit{\'e} Bourgogne Franche-Comt{\'e}}},
  YEAR = {2017},
  MONTH = Dec,
  KEYWORDS = {Epistemology of science ; Ontology ; Agent-based modeling ; Fractal and multifractals ; Location ; Settlement Systems ; analyses fractales ; {\'e}pist{\'e}mologie ; ontologie ; peuplement ; syst{\`e}mes multi-agents ; localisation},
  TYPE = {Habilitation {\`a} diriger des recherches},
  PDF = {https://hal.archives-ouvertes.fr/tel-01668615/file/2017HdRCecileTannierMemoire_Final.pdf},
  HAL_ID = {tel-01668615},
  HAL_VERSION = {v1},
}


@article{durand2019mai,
title={Mai 1968 et les mois suivants à l’Institut de géographie de Paris},
author={Durand-Dastes, F.},
journal={Cybergeo European Journal of Geography}
year={2019},
url={https://journals.openedition.org/cybergeo/31567}
}

@article{pumain2019monde,
title={Le monde en ses défis et ses contradictions},
author={Pumain, D.},
journal={Cybergeo European Journal of Goegraphy},
year={2019},
url={https://journals.openedition.org/cybergeo/31526}
}


@article{trouillard2013poids,
  title={Le poids de l’espace dans l’{\oe}uvre de Hayao Miyazaki},
  author={Trouillard, Emmanuel},
  journal={G{\'e}ographie et cultures},
  number={88},
  pages={233--247},
  year={2013},
  publisher={Laboratoire Espaces, Nature et Culture (ENEC)},
  file={Biblio/DomainSpecific/Geography/ETrouillard_géo_et_cultures_Miyazaki%20(Hal).pdf}
}


@article{xie2018economic,
  title={Economic Development Zones and Urban Growth in China},
  author={Xie, Liubing and Swerts, Elfie and Pumain, Denise},
  journal={Cybergeo: European Journal of Geography},
  year={2018},
  publisher={CNRS-UMR G{\'e}ographie-cit{\'e}s 8504},
  url={https://journals.openedition.org/cybergeo/30143}
}


@article{laterrasse1995ville,
  title={De la ville machine {\`a} la ville citoyenne: le lent cheminement des r{\'e}seaux},
  author={Laterrasse, Jean},
  journal={Sociologie du travail},
  pages={177--198},
  year={1995},
  publisher={JSTOR},
  file={Biblio/DomainSpecific/Geography/43149997.pdf}
}


@article{openshaw2003numerical,
  title={Numerical experiments with central place theory and spatial interaction modelling},
  author={Openshaw, Stan and Veneris, Yannis},
  journal={Environment and Planning A},
  volume={35},
  number={8},
  pages={1389--1403},
  year={2003},
  publisher={SAGE Publications Sage UK: London, England},
  file={Biblio/DomainSpecific/Geography/openshaw2003.pdf}
}



@article{fotheringham2001hierarchical,
  title={Hierarchical destination choice and spatial interaction modelling: a simulation experiment},
  author={Fotheringham, A Stewart and Nakaya, Tomoki and Yano, Keiji and Openshaw, Stan and Ishikawa, Yoshitaka},
  journal={Environment and Planning A},
  volume={33},
  number={5},
  pages={901--920},
  year={2001},
  publisher={SAGE Publications Sage UK: London, England},
  file={Biblio/DomainSpecific/Geography/fotheringham2001.pdf}
}


@article{durand1985propos,
  title={{\`A} propos du d{\'e}terminisme: La complexit{\'e} de l'ensemble des options possibles},
  author={Durand-Dast{\`e}s, Fran{\c{c}}ois},
  journal={L'Espace g{\'e}ographique},
  volume={14},
  number={2},
  pages={105--108},
  year={1985},
  publisher={JSTOR}
}





@article{durand2001temps,
  title={Le temps, la g{\'e}ographie et ses mod{\`e}les},
  author={Durand-Dast{\`e}s, Fran{\c{c}}ois},
  journal={Bulletin de la Soci{\'e}t{\'e} g{\'e}ographique de Li{\`e}ge},
  volume={40},
  number={1},
  pages={5--13},
  year={2001},
  file={Biblio/DomainSpecific/Geography/bsglg_2001_40_01_durant_dastes_.pdf}
}



@book{allen2012cities,
  title={Cities and regions as self-organizing systems: models of complexity},
  author={Allen, Peter M},
  year={2012},
  publisher={Routledge},
  file={Biblio/DomainSpecific/Geography/P. M. Allen-Cities and Regions as Self-organizing Systems_ Models of Complexity (Environmental Problems & Social Dynamics Series, Vol 1)-Routledge (1997).pdf}
}





@article{cybergeo2018chinois,
  title={Cybergeo en chinois},
  author={Cybergeo : European Journal of Geography},
  journal={Cybergeo. Débats, Chronique Chinoise},
  year={2018},
  url={http://journals.openedition.org/cybergeo/29317}
}







@article{reymond2011t,
  title={{\guillemotleft}T-Sph{\`e}re{\guillemotright} et m{\'e}diance espace/{\'e}tendue. L’antagoniste contradictoire et le concept de g{\'e}oanthroposyst{\`e}me.},
  author={Reymond, Henri},
  journal={Cybergeo: European Journal of Geography},
  year={2011},
  publisher={CNRS-UMR G{\'e}ographie-cit{\'e}s 8504}
}




@article{reymond2009interet,
  title={L’int{\'e}r{\^e}t g{\'e}ographique de la logique de S. Lupasco et de la th{\'e}orie de la n{\'e}ot{\'e}nie: proposition d’un crible transdisciplinaire pour l’{\'e}tude de la r{\'e}silience des g{\'e}osyst{\`e}mes urbains},
  author={Reymond, Henri},
  journal={Cybergeo: European Journal of Geography},
  year={2009},
  publisher={CNRS-UMR G{\'e}ographie-cit{\'e}s 8504}
}



@book{dauphine1995chaos,
  title={Chaos, fractales et dynamiques en g{\'e}ographie},
  author={Dauphin{\'e}, Andr{\'e}},
  volume={4},
  year={1995},
  publisher={GIP Reclus}
}


@article{jaurand2003fetiche,
  title={Du f{\'e}tiche {\`a} l'{\'e}pouvantail? Le commentaire de cartes et la g{\'e}ographie universitaire fran{\c{c}}aise (1945-2001)},
  author={Jaurand, Emmanuel},
  journal={L'Information G{\'e}ographique},
  volume={67},
  number={4},
  pages={352--369},
  year={2003},
  publisher={Armand Colin},
  file={Biblio/DomainSpecific/Geography/ingeo_0020-0093_2003_num_67_4_2913.pdf}
}


@article{reymond2013logique,
  title={La logique ternaire de St{\'e}phane Lupasco et le raisonnement g{\'e}ocartographique bioculturel d’Homo geographicus. L’apport de la notion de couplage transdisciplinaire dans l’approche de l’agr{\'e}gation morphologique des agglom{\'e}rations urbaines},
  author={Reymond, Henri and Cauvin, Colette},
  journal={Cybergeo: European Journal of Geography},
  year={2013},
  publisher={CNRS-UMR G{\'e}ographie-cit{\'e}s 8504},
  url={https://journals.openedition.org/cybergeo/25954}
}

@article{pumain2011debat,
  title={D{\'e}bat entre Denise Pumain et Henri Reymond {\`a} propos de l'article {\guillemotleft}T-Sph{\`e}re{\guillemotright} et m{\'e}diance espace/{\'e}tendue. L’antagoniste contradictoire et le concept de g{\'e}oanthroposyst{\`e}me},
  author={Pumain, Denise and Reymond, Henry},
  journal={Cybergeo: European Journal of Geography},
  year={2011},
  publisher={CNRS-UMR G{\'e}ographie-cit{\'e}s 8504},
  url={https://journals.openedition.org/cybergeo/25076}
}


@article{dupuy2011fracture,
  title={Fracture et d{\'e}pendance: l'enfer des r{\'e}seaux?},
  author={Dupuy, Gabriel},
  journal={Flux},
  number={1},
  pages={6--23},
  year={2011},
  publisher={M{\'e}tropolis},
  file={Biblio/DomainSpecific/Geography/FLUX_083_0006.pdf}
}



@article {Batty20170236,
	author = {Batty, Michael},
	title = {Visualizing aggregate movement in cities},
	volume = {373},
	number = {1753},
	year = {2018},
	doi = {10.1098/rstb.2017.0236},
	publisher = {The Royal Society},
	abstract = {We argue here that despite the focus in cities on location and place, it is increasingly clear that a requisite understanding of how cities evolve and change depends on a thorough understanding of human movements at aggregate scales where we can observe emergent patterns in networks and flow systems. We argue that the location of activities must be understood as summations or syntheses of movements or flows, with a much clearer link between flows, activities and the networks that carry and support them. To this end, we introduce a generic class of models that enable aggregated flows of many different kinds of social and economic activity, ranging from the journey to work to email traffic, to be predicted using ideas from discrete choice theory in economics which has analogies to gravitation. We also argue that visualization is an essential construct in making sense of flows but that there are important limitations to illustrating pictorially systems with millions of component parts. To demonstrate these, we introduce a class of generic spatial interaction models and present two illustrations. Our first application is based on transit flows within the high-frequency city over very short time periods of minutes and hours for data from the London Underground. Our second application scales up these models from districts and cities to the nation, and we demonstrate how flows of people from home to work and vice versa define cities and related settlements at much coarser scales. We contrast this approach with more disaggregate, individual studies of flow systems in cities that we consider an essential complement to the ideas presented here.This article is part of the theme issue {\textquoteleft}Interdisciplinary approaches for uncovering the impacts of architecture on collective behaviour{\textquoteright}.},
	issn = {0962-8436},
	URL = {http://rstb.royalsocietypublishing.org/content/373/1753/20170236},
	eprint = {http://rstb.royalsocietypublishing.org/content/373/1753/20170236.full.pdf},
	journal = {Philosophical Transactions of the Royal Society of London B: Biological Sciences},
	file={Biblio/DomainSpecific/Geography/BATTY-PhilTrans-2018.pdf}
}




@article{arnaud2013grand,
  title={Le Grand Paris et l’axe Seine. L’am{\'e}nagement m{\'e}tropolitain {\`a} l’{\^a}ge de la concurrence n{\'e}olib{\'e}rale},
  author={Arnaud, Brennetot and Bussi, Michel and Guermond, Yves},
  journal={M{\'e}tropoles},
  number={13},
  year={2013},
  publisher={ENTPE},
  file={Biblio/DomainSpecific/Geography/metropoles-4788.pdf}
}


@article{mesa2015impact,
  title={The Impact of International Crises on Maritime Transportation Based Global Value Chains},
  author={Mesa-Arango, Rodrigo and Narayanan, Badri and Ukkusuri, Satish V},
  journal={Networks and Spatial Economics},
  pages={1--28},
  year={2015},
  publisher={Springer},
  file={Biblio/DomainSpecific/Geography/10.1007@s11067-017-9377-7.pdf}
}


@article{fleury2018periurbains,
  title={Les p{\'e}riurbains et leurs espaces publics: enqu{\^e}te sur les franges nord de la m{\'e}tropole parisienne},
  author={Fleury, Antoine},
  journal={Cybergeo: European Journal of Geography},
  year={2018},
  publisher={CNRS-UMR G{\'e}ographie-cit{\'e}s 8504},
  file={Biblio/DomainSpecific/Geography/10.0000@journals.openedition.org@generic-1C2CC8CD41AB.pdf}
}



@article{pumain2012theorie,
  title={Une th{\'e}orie g{\'e}ographique pour la loi de Zipf},
  author={Pumain, Denise and others},
  journal={R{\'e}gion et d{\'e}veloppement},
  volume={36},
  number={31-54},
  pages={125--150},
  year={2012},
  file={Biblio/DomainSpecific/Geography/3_Pumain.pdf}
}


@ARTICLE{2018arXiv180504510R,
   author = {{Radil}, S.~M. and {Walther}, O.~J.},
    title = "{Social networks and geography: a view from the periphery}",
  journal = {ArXiv e-prints},
archivePrefix = "arXiv",
   eprint = {1805.04510},
 keywords = {Computer Science - Social and Information Networks, Physics - Physics and Society},
     year = 2018,
    month = may,
   adsurl = {http://adsabs.harvard.edu/abs/2018arXiv180504510R},
  adsnote = {Provided by the SAO/NASA Astrophysics Data System},
  file={Biblio/DomainSpecific/Geography/1805.04510.pdf}
}




@ARTICLE{2018arXiv180500819J,
	   author = {{Jiang}, B.},
	       title = "{Spatial Heterogeneity, Scale, Data Character, and Sustainable Transport in the Big Data Era}",
	         journal = {ArXiv e-prints},
		 archivePrefix = "arXiv",
		    eprint = {1805.00819},
		     primaryClass = "physics.soc-ph",
		      keywords = {Physics - Physics and Society},
		           year = 2018,
			       month = may,
			          adsurl = {http://adsabs.harvard.edu/abs/2018arXiv180500819J},
				    adsnote = {Provided by the SAO/NASA Astrophysics Data System},
				    file={Biblio/DomainSpecific/Geography/1805.00819.pdf}
}

@article{sarkar2018urban,
	  title={Urban scaling and the geographic concentration of inequalities by city size},
	    author={Sarkar, Somwrita},
	      journal={Environment and Planning B: Urban Analytics and City Science},
	        pages={2399808318766070},
		  year={2018},
		    publisher={SAGE Publications Sage UK: London, England},
		    file={Biblio/DomainSpecific/Geography/10.1177@2399808318766070.pdf}
}



