



@article{bunel2021etat,
  title={Un {\'e}tat de l’art sur l’impr{\'e}cision spatiale et sa mod{\'e}lisation},
  author={Bunel, Mattia},
  journal={Cybergeo: European Journal of Geography},
  year={2021},
  publisher={CNRS-UMR G{\'e}ographie-cit{\'e}s 8504},
  url={https://journals.openedition.org/cybergeo/36126},
  doi={10.4000/cybergeo.36126}
}




@article{bocher2018redesign,
  title={A redesign of OGC Symbology Encoding standard for sharing cartography},
  author={Bocher, Erwan and Ertz, Olivier},
  journal={PeerJ Computer Science},
  volume={4},
  pages={e143},
  year={2018},
  publisher={PeerJ Inc.},
  file={Biblio/DomainSpecific/GIS/peerj-cs-143.pdf}
}



@article{cabrera2020generating,
  title={Generating and Mapping Amazonian Urban Regions Using a Geospatial Approach},
  author={Cabrera-Barona, Pablo F and Bay{\'o}n, Manuel and Dur{\'a}n, Gustavo and Bonilla, Alejandra and Mej{\'\i}a, Ver{\'o}nica},
  journal={ISPRS International Journal of Geo-Information},
  volume={9},
  number={7},
  pages={453},
  year={2020},
  publisher={Multidisciplinary Digital Publishing Institute},
  file={Biblio/DomainSpecific/GIS/ijgi-09-00453.pdf}
}



@misc{giraud2016shortest,
title={SHORTEST PATHS AND TRAVEL TIME FROM OPENSTREETMAP WITH R},
author={Giraud, T.},
year={2016},
howpublished={R geomatique},
url={https://rgeomatic.hypotheses.org/854}
}




@inproceedings{sehra2014systematic,
  title={A systematic study of OpenStreetMap data quality assessment},
  author={Sehra, Sukhjit Singh and Singh, Jaiteg and Rai, Hardeep Singh},
  booktitle={2014 11th International Conference on Information Technology: New Generations},
  pages={377--381},
  year={2014},
  organization={IEEE},
  file={Biblio/DomainSpecific/GIS/itng-2014Sukhjit.pdf}
}



@article{zhou2014validation,
  title={Validation analysis of OpenStreetMap data in some areas of China},
  author={Zhou, Pingping and Huang, Wei and Jiang, J},
  journal={The International Archives of Photogrammetry, Remote Sensing and Spatial Information Sciences},
  volume={40},
  number={4},
  pages={383},
  year={2014},
  publisher={Copernicus GmbH},
  file={Biblio/DomainSpecific/GIS/isprsarchives-XL-4-383-2014.pdf}
}




@article{fan2014quality,
  title={Quality assessment for building footprints data on OpenStreetMap},
  author={Fan, Hongchao and Zipf, Alexander and Fu, Qing and Neis, Pascal},
  journal={International Journal of Geographical Information Science},
  volume={28},
  number={4},
  pages={700--719},
  year={2014},
  publisher={Taylor \& Francis},
  file={Biblio/DomainSpecific/GIS/fan2014.pdf}
}


@article{jean2016combining,
  title={Combining satellite imagery and machine learning to predict poverty},
  author={Jean, Neal and Burke, Marshall and Xie, Michael and Davis, W Matthew and Lobell, David B and Ermon, Stefano},
  journal={Science},
  volume={353},
  number={6301},
  pages={790--794},
  year={2016},
  publisher={American Association for the Advancement of Science},
  file={Biblio/DomainSpecific/GIS/790.full.pdf}
}


@article{neis2012street,
  title={The street network evolution of crowdsourced maps: OpenStreetMap in Germany 2007--2011},
  author={Neis, Pascal and Zielstra, Dennis and Zipf, Alexander},
  journal={Future Internet},
  volume={4},
  number={1},
  pages={1--21},
  year={2012},
  publisher={Molecular Diversity Preservation International},
  file={Biblio/DomainSpecific/GIS/futureinternet-04-00001.pdf}
}



@article{huh2016detecting,
  title={Detecting Corresponding Vertex Pairs between Planar Tessellation Datasets with Agglomerative Hierarchical Cell-Set Matching},
  author={Huh, Yong and Yu, Kiyun and Park, Woojin},
  journal={PloS one},
  volume={11},
  number={6},
  pages={e0157913},
  year={2016},
  publisher={Public Library of Science},
  file={Biblio/DomainSpecific/GIS//journal.pone.0157913.PDF}
}


@article{xie1995overlaid,
  title={The overlaid network algorithms for areal interpolation problem},
  author={Xie, Yichun},
  journal={Computers, environment and urban systems},
  volume={19},
  number={4},
  pages={287--306},
  year={1995},
  publisher={Elsevier},
  file={Biblio/DomainSpecific/GIS/xie1995.pdf}
}


@article{costes2019hidden,
title={A hidden markov model for matching spatial networks},
author={Costes, B. and Perret, J.},
year={2019},
file={Biblio/DomainSpecific/GIS/489-1432-3-PB.pdf}
}

@article{yu2018spatial,
  title={Spatial data management in apache spark: the GeoSpark perspective and beyond},
  author={Yu, Jia and Zhang, Zongsi and Sarwat, Mohamed},
  journal={GeoInformatica},
  pages={1--42},
  year={2018},
  publisher={Springer},
  file={Biblio/DomainSpecific/GIS/GeoSpark_Geoinformatica_2018.pdf}
}


@article{doi:10.1080/00167223.2002.10649465,
author = { Thomas   Balstrøm   PhD },
title = {On identifying the most time-saving walking route in a trackless mountainous terrain},
journal = {Geografisk Tidsskrift-Danish Journal of Geography},
volume = {102},
number = {1},
pages = {51-58},
year  = {2002},
publisher = {Routledge},
doi = {10.1080/00167223.2002.10649465},

URL = { 
        https://doi.org/10.1080/00167223.2002.10649465
    
},
eprint = { 
        https://doi.org/10.1080/00167223.2002.10649465
    
}
,
    abstract = { Abstract A procedure is presented to find the most efficient walking route to inspect 16 rain gauges within a mountainous location on the Faeroe Islands. Measured walking times on varying slopes and crossing shallow rivers were used as inputs to establish a friction-based cost surface. Subsequently, a cost path analysis led to identification of a web of least-cost paths between the locations. Finally, the most time-saving route to visit all rain gauges in one round trip from the base camp was found using network optimizing software. },
file={Biblio/DomainSpecific/GIS/10.1080@00167223.2002.10649465.pdf}
}






@article{biljecki2016population,
  title={Population estimation using a 3D city model: A multi-scale country-wide study in the Netherlands},
  author={Biljecki, Filip and Ohori, Ken Arroyo and Ledoux, Hugo and Peters, Ravi and Stoter, Jantien},
  journal={PloS one},
  volume={11},
  number={6},
  pages={e0156808},
  year={2016},
  publisher={Public Library of Science},
  file={Biblio/DomainSpecific/GIS/journal.pone.0156808.PDF}
}



@article{guan2010general,
  title={A general-purpose parallel raster processing programming library test application using a geographic cellular automata model},
  author={Guan, Qingfeng and Clarke, Keith C},
  journal={International Journal of Geographical Information Science},
  volume={24},
  number={5},
  pages={695--722},
  year={2010},
  publisher={Taylor \& Francis},
  file={Biblio/DomainSpecific/GIS/guanandclarke2010.pdf}
}




@article{vsavrivc2018equal,
  title={The Equal Earth map projection},
  author={{\v{S}}avri{\v{c}}, Bojan and Patterson, Tom and Jenny, Bernhard},
  journal={International Journal of Geographical Information Science},
  pages={1--12},
  year={2018},
  publisher={Taylor \& Francis},
  file={Biblio/DomainSpecific/GIS/avri2018.pdf}
}


@article{gastner2018fast,
	  title={Fast flow-based algorithm for creating density-equalizing map projections},
	    author={Gastner, Michael T and Seguy, Vivien and More, Pratyush},
	      journal={Proceedings of the National Academy of Sciences},
	        pages={201712674},
		  year={2018},
		    publisher={National Acad Sciences},
		    file={Biblio/DomainSpecific/GIS/E2156.full.pdf}
}



