

@book{van2019polycentricity,
  title={Polycentricity in the European Union},
  author={Van Zeben, Josephine and Bobi{\'c}, Ana},
  year={2019},
  publisher={Cambridge University Press}
}



