

@incollection{yang2020complex,
  title={Complex Network Theory on High-Speed Transportation Systems},
  author={Yang, Haoran and Li, Yongling},
  booktitle={Spatial Synthesis},
  pages={147--162},
  year={2020},
  publisher={Springer},
  file={Biblio/DomainSpecific/UrbanModeling/spatial-synthesis-2020.pdf}
}



@misc{gong2020measuring,
      title={Measuring the Dynamic Impact of High-Speed Railways on Urban Interactions in China}, 
      author={Junfang Gong and Shengwen Li and Xinyue Ye and Qiong Peng},
      year={2020},
      eprint={2010.08182},
      archivePrefix={arXiv},
      primaryClass={cs.SI},
      file={Biblio/DomainSpecific/HSR/2010.08182.pdf}
}


