




@article{pumain2022rente,
  title={Rente fonci{\`e}re et mod{\`e}le centre-p{\'e}riph{\'e}rie},
  author={PUMAIN, Denise},
  journal={Les villes au c{\oe}ur des inégalités},
  pages={55},
  year={2022},
  publisher={ISTE Group},
  url={https://books.google.fr/books?hl=fr&lr=&id=Ju56EAAAQBAJ&oi=fnd&pg=PA55&ots=f4iMNDQKv_&sig=ujIgNJTP9Ctz0yffMqFM2Hgv8tE&redir_esc=y#v=onepage&q&f=false}
}



@article{cottineau2022grands,
  title={Les grands mod{\`e}les de l’organisation spatiale des soci{\'e}t{\'e}s urbaines},
  author={COTTINEAU, Cl{\'e}mentine and PUMAIN, Denise},
  journal={Les villes au c{\oe}ur des inégalités},
  pages={5},
  year={2022},
  publisher={ISTE Group},
  url={https://books.google.fr/books?hl=fr&lr=&id=Ju56EAAAQBAJ&oi=fnd&pg=PA5&ots=f4iMNDQKv_&sig=NuZjuE8SVUIc0XuLwvaWkKHLN2A&redir_esc=y#v=onepage&q&f=false}
}



@article{cottineau2022modeliser,
  title={Mod{\'e}liser les in{\'e}galit{\'e}s dans l’espace g{\'e}ographique},
  author={COTTINEAU, Cl{\'e}mentine},
  journal={Les in{\'e}galit{\'e}s dans l’espace g{\'e}ographique},
  pages={187},
  year={2022},
  publisher={ISTE Group},
  url={https://books.google.fr/books?hl=fr&lr=&id=HO56EAAAQBAJ&oi=fnd&pg=PA187&ots=gAHBGnOz-M&sig=NrFXRhg4tW2J73nCiQLW1qRlydA#v=onepage&q&f=false}
}


