
@article{gisotti2022critical,
  title={A Critical Review of the Villes Sans Bidonvilles Programme in Morocco: Lessons to Be Learned Towards Inclusive Urban Growth},
  author={Gisotti, Maria Rita and Tarsi, Elena},
  journal={Urban and Transit Planning: Towards Liveable Communities: Urban places and Design Spaces},
  pages={159},
  year={2022},
  publisher={Springer},
  url={https://books.google.fr/books?hl=fr&lr=&id=8AN2EAAAQBAJ&oi=fnd&pg=PA159&ots=OaK3v2MnpM&sig=uWsSwL1fAYQQ0pmCNvZwiC4G5I4&redir_esc=y#v=onepage&q&f=false}
}


