


@book{tarantola2005inverse,
  title={Inverse problem theory and methods for model parameter estimation},
  author={Tarantola, Albert},
  volume={89},
  year={2005},
  publisher={siam},
  file={Biblio/DomainSpecific/InverseProblems/InverseProblemTheory.pdf}
}


