

@misc{merigoux2021catala,
      title={Catala: A Programming Language for the Law}, 
      author={Denis Merigoux and Nicolas Chataing and Jonathan Protzenko},
      year={2021},
      eprint={2103.03198},
      archivePrefix={arXiv},
      primaryClass={cs.PL},
      file={Biblio/DomainSpecific/Law/2103.03198.pdf}
}

