


@ARTICLE{2020arXiv200211688M,
       author = {{McGeoch}, Malcolm. W. and {Dikler}, Sergei and {McGeoch}, Julie E.~M.},
        title = "{Hemolithin: a Meteoritic Protein containing Iron and Lithium}",
      journal = {arXiv e-prints},
     keywords = {Astrophysics - Earth and Planetary Astrophysics, Physics - Chemical Physics},
         year = 2020,
        month = feb,
          eid = {arXiv:2002.11688},
        pages = {arXiv:2002.11688},
archivePrefix = {arXiv},
       eprint = {2002.11688},
 primaryClass = {astro-ph.EP},
       adsurl = {https://ui.adsabs.harvard.edu/abs/2020arXiv200211688M},
      adsnote = {Provided by the SAO/NASA Astrophysics Data Systemfile={Biblio/DomainSpecific/Life/},
	file={Biblio/DomainSpecific/Life/2002.11688.pdf}
}





@article{krakauer2002noisy,
  title={Noisy clues to the origin of life},
  author={Krakauer, David C and Sasaki, Akira},
  journal={Proceedings of the Royal Society of London. Series B: Biological Sciences},
  volume={269},
  number={1508},
  pages={2423--2428},
  year={2002},
  publisher={The Royal Society},
  file={Biblio/DomainSpecific/Life/rspb.2002.2127.pdf}
}



@article{imari2019new,
title={The new physics needed to probe the origins of life},
author={Imari Walker, S.},
journal={Nature},
volume={569},
pages={36-38},
year={2019},
doi={10.1038/d41586-019-01318-z},
file={Biblio/DomainSpecific/Life/d41586-019-01318-z.pdf}
}


@article{pascal2019possible,
title={A possible non-biological reaction framework for metabolic processes on early Earth},
author={Pascal, R.},
journal={Nature},
volume={569},
pages{47-49},
year={2019},
doi={10.1038/d41586-019-01322-3},
file={Biblio/DomainSpecific/Life/d41586-019-01322-3.pdf}
}


@article{hannay2019maxwell,
author={Hannay, T.},
title={Maxwellâ€™s demon and the hunt for alien life},
journal={Nature},
volume={565},
pages={427--428},
year={2019},
file={Biblio/DomainSpecific/Life/d41586-019-00215-9.pdf}
}


@article{krishnamurthy2018experimentally,
	Author = {Krishnamurthy, Ramanarayanan},
	Journal = {Nature Communications},
	Number = {1},
	Pages = {5175},
	Title = {Experimentally investigating the origin of DNA/RNA on early Earth},
	Volume = {9},
	Year = {2018},
	file={Biblio/DomainSpecific/Life/s41467-018-07212-y.pdf}
}



@ARTICLE{2013arXiv1304.3381S,
   author = {{Sharov}, A.~A. and {Gordon}, R.},
    title = "{Life Before Earth}",
  journal = {ArXiv e-prints},
archivePrefix = "arXiv",
   eprint = {1304.3381},
 primaryClass = "physics.gen-ph",
 keywords = {Physics - General Physics},
     year = 2013,
    month = mar,
   adsurl = {http://adsabs.harvard.edu/abs/2013arXiv1304.3381S},
  adsnote = {Provided by the SAO/NASA Astrophysics Data System},
  file={Biblio/DomainSpecific/Life/1304.3381v1.pdf}
}




@ARTICLE{2017arXiv171203079K,
   author = {{Kent}, A.},
    title = "{Replication Ethics}",
  journal = {ArXiv e-prints},
archivePrefix = "arXiv",
   eprint = {1712.03079},
 primaryClass = "cs.CY",
 keywords = {Computer Science - Computers and Society, Physics - History and Philosophy of Physics, Quantum Physics},
     year = 2017,
    month = dec,
   adsurl = {http://adsabs.harvard.edu/abs/2017arXiv171203079K},
  adsnote = {Provided by the SAO/NASA Astrophysics Data System},
  file={Biblio/DomainSpecific/Life/1712.03079.pdf}
}


