


@article{litke2020bar,
title={The bar at the end of whenever},
author={Litke, J.J.},
journal={Nature},
year={2020},
doi={10.1038/d41586-020-00237-8},
url={https://www.nature.com/articles/d41586-020-00237-8},
file={Biblio/DomainSpecific/Literature/d41586-020-00237-8.pdf}
}

@article{alexander2020night,
title={The night markets of Mellador},
author={Alexander, L.},
journal={Nature},
year={2020},
doi={10.1038/d41586-019-03935-0},
link={https://www.nature.com/articles/d41586-019-03935-0},
file={Biblio/DomainSpecific/Literature/d41586-019-03935-0.pdf}
}

@article{miles2019guide,
title={Your guide to the ever-shrinking solitude on Planet Earth},
author={Miles, J.},
journal={Nature},
year={2019},
doi={10.1038/d41586-019-03634-w},
url={https://www.nature.com/articles/d41586-019-03634-w},
file={Biblio/DomainSpecific/Literature/d41586-019-03634-w.pdf}
}




@article{wang2019success,
	Author = {Wang, Xindi and Yucesoy, Burcu and Varol, Onur and Eliassi-Rad, Tina and Barab{\'a}si, Albert-L{\'a}szl{\'o}},
	Journal = {EPJ Data Science},
	Number = {1},
	Pages = {31},
	Title = {Success in books: predicting book sales before publication},
	Volume = {8},
	Year = {2019},
	file={Biblio/DomainSpecific/Literature/Wang2019_Article_SuccessInBooksPredictingBookSa.pdf}
}



@article{gibney2019aniara,
title={Aniara: an angst-fuelled journey through the void},
author={Gibney, E.},
journal={Nature},
year={2019},
doi={10.1038/d41586-019-02581-w},
url={https://www.nature.com/articles/d41586-019-02581-w}
}



@article{broderick2019what,
title={What must remain. A heroic effort},
author={Broderick, T.},
journal={Nature},
volume={573},
pages={156},
year={2019},
doi={10.1038/d41586-019-02621-5},
url={https://www.nature.com/articles/d41586-019-02621-5},
file={Biblio/DomainSpecific/Literature/d41586-019-02621-5.pdf}
}


@article{hecht2019hello,
title={Hello, Hello. Time for a civilized conversation},
author={Hecht, J.},
journal={Nature},
volume={573},
pages={302},
year={2019}
doi={10.1038/d41586-019-02677-3},
url={https://www.nature.com/articles/d41586-019-02677-3},
file={Biblio/DomainSpecific/Literature/d41586-019-02677-3.pdf}
}



@article{fisher2019iam,
title={I am not the hive mind of Transetti Prime},
author={Fisher, S.},
journal={Nature},
year={2019},
pages={410},
volume={572},
doi={10.1038/d41586-019-02420-y},
url={https://www.nature.com/articles/d41586-019-02420-y},
file={Biblio/DomainSpecific/Literature/d41586-019-02420-y.pdf}
}


@article{kirsten2019into,
title={Into darkness},
author={Kirsten, A.},
journal={Nature},
volume={570},
pages={270},
year={2019},
doi={10.1038/d41586-019-01798-z},
file={Biblio/DomainSpecific/Literature/d41586-019-01798-z.pdf}
}


@article{wilson2019brick,
title={Brick city},
author={Wilson, R. S.},
journal={Nature},
year={2019},
volume={569},
pages={302},
url={https://www.nature.com/articles/d41586-019-01429-7},
file={Biblio/DomainSpecific/Literature/d41586-019-01429-7.pdf}
}


@article{pankau2019please,
  author={Pankau, K.},
  title={Please [redacted] my last e-mail},
  journal={Nature},
  year={2019},
  file={Biblio/DomainSpecific/Literature/d41586-019-00797-4.pdf}
}


@article{skains2019teaching,
  title={Teaching digital fiction: integrating experimental writing and current technologies},
  author={Skains, R Lyle},
  journal={Palgrave Communications},
  volume={5},
  number={1},
  pages={13},
  year={2019},
  publisher={Nature Publishing Group},
  file={Biblio/DomainSpecific/Literature/s41599-019-0223-z.pdf}
}

