




@article{mackett1993structure,
  title={Structure of linkages between transport and land use},
  author={Mackett, Roger L},
  journal={Transportation Research Part B: Methodological},
  volume={27},
  number={3},
  pages={189--206},
  year={1993},
  publisher={Elsevier},
  file={Biblio/DomainSpecific/Luti/1-s2.0-019126159390029A-main.pdf}
}


@article{rodrigue1997parallel,
  title={Parallel modelling and Neural Networks: an overview for transportation/land use systems},
  author={Rodrigue, Jean-Paul},
  journal={Transportation Research Part C: Emerging Technologies},
  volume={5},
  number={5},
  pages={259--271},
  year={1997},
  publisher={Elsevier},
  file={Biblio/DomainSpecific/LUTI/1-s2.0-S0968090X97000144-main.pdf}
}



@book{abraham2000parameter,
  title={Parameter estimation in urban models: theory and application to a land use transport interaction model of the Sacramento, California Region},
  author={Abraham, John E},
  year={2000},
  publisher={Calgary},
  file={Biblio/DomainSpecific/LUTI/49478Abraham.pdf}
}


@inproceedings{bonnel2014survey,
  title={A survey on the calibration and validation of integrated land use and transportation models},
  author={Bonnel, Patrick and Coulombel, Nicolas and Prados, Emmanuel and Sturm, Peter and Arnaud, Elise and Boittin, C{\'e}dric and Bouzouina, Louafi and Delgado, Jorge Cabrera and Capelle, Thomas and Delons, Jean and others},
  year={2014},
  file={Biblio/DomainSpecific/LUTI/survey_calibration_validation.pdf}
}


@article{wan2017assessment,
  title={Assessment of model validation outcomes of a new recursive spatial equilibrium model for the Greater Beijing},
  author={Wan, Li and Jin, Ying},
  journal={Environment and Planning B: Urban Analytics and City Science},
  pages={2399808317732575},
  year={2017},
  publisher={SAGE Publications Sage UK: London, England},
  file={Biblio/DomainSpecific/LUTI/2399808317732575.pdf}
}

