


@article{nature2021graphene,
title={A graphene cloak keeps artworksâ€™ colours ageless},
author={Nature Research Highlights},
journal={Nature},
year={2021},
url={https://www.nature.com/articles/d41586-021-01854-7}
}


@article{vo2020additive,
  title={Additive rheology of complex granular flows},
  author={Vo, Thanh Trung and Nezamabadi, Saeid and Mutabaruka, Patrick and Delenne, Jean-Yves and Radjai, Farhang},
  journal={Nature Communications},
  volume={11},
  number={1},
  pages={1--8},
  year={2020},
  publisher={Nature Publishing Group},
  file={Biblio/DomainSpecific/MaterialsScience/s41467-020-15263-3.pdf}
}



@article{goldberg2020mechanics,
  title={Mechanics-based model for the cooking-induced deformation of spaghetti},
  author={Goldberg, Nathaniel N and O'Reilly, Oliver M},
  journal={Physical Review E},
  volume={101},
  number={1},
  pages={013001},
  year={2020},file={Biblio/DomainSpecific/MaterialsScience/
  publisher={APS},
  file={Biblio/DomainSpecific/MaterialsScience/PhysRevE.101.013001.pdf}
}




@article{ferreira2018overcoming,
	Author = {Ferreira, Filipe M. and Costa, Christian S. and Sygletos, Stylianos and Ellis, Andrew D.},
	Journal = {Scientific Reports},
	Number = {1},
	Pages = {17539},
	Title = {Overcoming degradation in spatial multiplexing systems with stochastic nonlinear impairments},
	Volume = {8},
	Year = {2018},
	file={Biblio/DomainSpecific/MaterialsScience/s41598-018-35893-4.pdf}
}





@article{zhang2018space,
	Author = {Zhang, Lei and Chen, Xiao Qing and Liu, Shuo and Zhang, Qian and Zhao, Jie and Dai, Jun Yan and Bai, Guo Dong and Wan, Xiang and Cheng, Qiang and Castaldi, Giuseppe and Galdi, Vincenzo and Cui, Tie Jun},
	Journal = {Nature Communications},
	Number = {1},
	Pages = {4334},
	Title = {Space-time-coding digital metasurfaces},
	Volume = {9},
	Year = {2018},
	file={Biblio/DomainSpecific/MaterialsScience/s41467-018-06802-0.pdf}
}





@article{coulais2018multi,
  title={Multi-step self-guided pathways for shape-changing metamaterials},
  author={Coulais, Corentin and Sabbadini, Alberico and Vink, Fr{\'e} and van Hecke, Martin},
  journal={Nature},
  volume={561},
  number={7724},
  pages={512},
  year={2018},
  publisher={Nature Publishing Group},
  file={Biblio/DomainSpecific/MaterialsScience/10.1038@s41586-018-0541-0.pdf}
}



@article{Moretti:2018aa,
	Author = {Moretti, Paolo and Dietemann, Bastien and Esfandiary, Nosaibeh and Zaiser, Michael},
	Journal = {Scientific Reports},
	Number = {1},
	Pages = {12090},
	Title = {Avalanche precursors of failure in hierarchical fuse networks},
	Volume = {8},
	Year = {2018},
	file={Biblio/DomainSpecific/MaterialsScience/s41598-018-30539-x.pdf}
}



@article{liu2017distinct,
  title={Distinct ice patterns on solid surfaces with various wettabilities},
  author={Liu, Jie and Zhu, Chongqin and Liu, Kai and Jiang, Ying and Song, Yanlin and Francisco, Joseph S and Zeng, Xiao Cheng and Wang, Jianjun},
  journal={Proceedings of the National Academy of Sciences},
  volume={114},
  number={43},
  pages={11285--11290},
  year={2017},
  publisher={National Acad Sciences},
  file={Biblio/DomainSpecific/MaterialsScience/10.1073@pnas.1712829114.pdf}
}

