



@article{davies2021advancing,
  title={Advancing mathematics by guiding human intuition with AI},
  author={Davies, Alex and Veli{\v{c}}kovi{\'c}, Petar and Buesing, Lars and Blackwell, Sam and Zheng, Daniel and Toma{\v{s}}ev, Nenad and Tanburn, Richard and Battaglia, Peter and Blundell, Charles and Juh{\'a}sz, Andr{\'a}s and others},
  journal={Nature},
  volume={600},
  number={7887},
  pages={70--74},
  year={2021},
  publisher={Nature Publishing Group},
  file={Biblio/DomainSpecific/Mathematics/s41586-021-04086-x.pdf}
}



@article{yu2021repulsive,
  title={Repulsive Curves},
  author={Yu, Chris and Schumacher, Henrik and Crane, Keenan},
  journal={ACM Transactions on Graphics (TOG)},
  volume={40},
  number={2},
  pages={1--21},
  year={2021},
  publisher={ACM New York, NY},
  file={Biblio/DomainSpecific/Mathematics/RepulsiveCurves.pdf}
}



@misc{campos2021singularity,
      title={The singularity probability of a random symmetric matrix is exponentially small}, 
      author={Marcelo Campos and Matthew Jenssen and Marcus Michelen and Julian Sahasrabudhe},
      year={2021},
      eprint={2105.11384},
      archivePrefix={arXiv},
      primaryClass={math.PR},
      file={Biblio/DomainSpecific/Mathematics/2105.11384.pdf}
}



@article{raayoni2021generating,
  title={Generating conjectures on fundamental constants with the Ramanujan Machine},
  author={Raayoni, Gal and Gottlieb, Shahar and Manor, Yahel and Pisha, George and Harris, Yoav and Mendlovic, Uri and Haviv, Doron and Hadad, Yaron and Kaminer, Ido},
  journal={Nature},
  volume={590},
  number={7844},
  pages={67--73},
  year={2021},
  publisher={Nature Publishing Group},
  file={Biblio/DomainSpecific/Mathematics/s41586-021-03229-4.pdf}
}



@article{bhargava2020john,
title={John Horton Conway (1937–2020)},
author={Bhargava, M.},
journal={Nature},
volume={582},
pages={27},
year={2020},
doi={10.1038/d41586-020-01515-1},
url={https://www.nature.com/articles/d41586-020-01515-1}
}

@book{parrochia2017mathematiques,
title={Mathematiques et philosophie. Des irrationels aux motifs},
author={Parrochia, D.},
year={2017},
publisher={ISTE Editions},
file={Biblio/DomainSpecific/Mathematics/249_Mathématiques-et-philosophie_Parrochia_5ea946da04aa2_e.pdf}
}




@ARTICLE{2020arXiv200409022J,
       author = {{Jentsch}, Peter C. and {Nehaniv}, Chrystopher L.},
        title = "{Exploring Tetris as a Transformation Semigroup}",
      journal = {arXiv e-prints},
     keywords = {Mathematics - Group Theory, Computer Science - Formal Languages and Automata Theory, Mathematics - Dynamical Systems, Nonlinear Sciences - Adaptation and Self-Organizing Systems, 20M35},
         year = 2020,
        month = apr,
          eid = {arXiv:2004.09022},
        pages = {arXiv:2004.09022},
archivePrefix = {arXiv},
       eprint = {2004.09022},
 primaryClass = {math.GR},
       adsurl = {https://ui.adsabs.harvard.edu/abs/2020arXiv200409022J},
      adsnote = {Provided by the SAO/NASA Astrophysics Data System},
	file={Biblio/DomainSpecific/Mathematics/2004.09022.pdf}
}





@ARTICLE{2020arXiv200405631B,
       author = {{Bradley}, Tai-Danae},
        title = "{At the Interface of Algebra and Statistics}",
      journal = {arXiv e-prints},
     keywords = {Quantum Physics, Computer Science - Machine Learning, Mathematics - Category Theory, Statistics - Machine Learning},
         year = 2020,
        month = apr,
          eid = {arXiv:2004.05631},
        pages = {arXiv:2004.05631},
archivePrefix = {arXiv},
       eprint = {2004.05631},
 primaryClass = {quant-ph},
       adsurl = {https://ui.adsabs.harvard.edu/abs/2020arXiv200405631B},
      adsnote = {Provided by the SAO/NASA Astrophysics Data System},
	file={Biblio/DomainSpecific/Mathematics/2004.05631.pdf}
}





@article{castelvecchi2020mathematics,
author={Castelvecchi, D.},
title={Mathematics pioneers who found order in chaos win Abel prize},
year={2020},
journal={Nature},
doi={10.1038/d41586-020-00799-7},
url={https://www.nature.com/articles/d41586-020-00799-7}
}



@ARTICLE{2019arXiv191006709L,
       author = {{Loh}, Po-Shen},
        title = "{A Simple Proof of the Quadratic Formula}",
      journal = {arXiv e-prints},
     keywords = {Mathematics - History and Overview, 00A35},
         year = "2019",
        month = "Oct",
          eid = {arXiv:1910.06709},
        pages = {arXiv:1910.06709},
archivePrefix = {arXiv},
       eprint = {1910.06709},
 primaryClass = {math.HO},
       adsurl = {https://ui.adsabs.harvard.edu/abs/2019arXiv191006709L},
      adsnote = {Provided by the SAO/NASA Astrophysics Data System},
	file={Biblio/DomainSpecific/Mathematics/1910.06709.pdf}
}





@ARTICLE{2019arXiv190803795D,
       author = {{Denton}, Peter B. and {Parke}, Stephen J. and {Tao}, Terence and
         {Zhang}, Xining},
        title = "{Eigenvectors from Eigenvalues}",
      journal = {arXiv e-prints},
     keywords = {Mathematics - Rings and Algebras, High Energy Physics - Theory, Mathematical Physics},
         year = "2019",
        month = "Aug",
          eid = {arXiv:1908.03795},
        pages = {arXiv:1908.03795},
archivePrefix = {arXiv},
       eprint = {1908.03795},
 primaryClass = {math.RA},
       adsurl = {https://ui.adsabs.harvard.edu/abs/2019arXiv190803795D},
      adsnote = {Provided by the SAO/NASA Astrophysics Data System},
	file={Biblio/DomainSpecific/Mathematics/1908.03795.pdf}
}





@ARTICLE{2019arXiv191012566B,
       author = {{Bianconi}, Ginestra and {Dorogovtsev}, Sergey N.},
        title = "{The spectral dimension of simplicial complexes: a renormalization group theory}",
      journal = {arXiv e-prints},
     keywords = {Condensed Matter - Disordered Systems and Neural Networks, Condensed Matter - Statistical Mechanics, Computer Science - Social and Information Networks, Physics - Physics and Society, Statistics - Machine Learning},
         year = "2019",
        month = "Oct",
          eid = {arXiv:1910.12566},
        pages = {arXiv:1910.12566},
archivePrefix = {arXiv},file={Biblio/DomainSpecific/Mathematics/
       eprint = {1910.12566},
 primaryClass = {cond-mat.dis-nn},
       adsurl = {https://ui.adsabs.harvard.edu/abs/2019arXiv191012566B},
      adsnote = {Provided by the SAO/NASA Astrophysics Data System},
	file={Biblio/DomainSpecific/Mathematics/1910.12566.pdf}
}





@article{bendich2016persistent,
  title={Persistent homology analysis of brain artery trees},
  author={Bendich, Paul and Marron, James S and Miller, Ezra and Pieloch, Alex and Skwerer, Sean},
  journal={The annals of applied statistics},
  volume={10},
  number={1},
  pages={198},
  year={2016},
  publisher={NIH Public Access},
  file={Biblio/DomainSpecific/Mathematics/euclid.aoas.1458909913.pdf}
}



@ARTICLE{2019arXiv190903562T,
       author = {{Tao}, Terence},
        title = "{Almost all orbits of the Collatz map attain almost bounded values}",
      journal = {arXiv e-prints},
     keywords = {Mathematics - Probability, Mathematics - Dynamical Systems, Mathematics - Number Theory, 37P99},
         year = "2019",
        month = "Sep",
          eid = {arXiv:1909.03562},
        pages = {arXiv:1909.03562},
archivePrefix = {arXiv},
       eprint = {1909.03562},
 primaryClass = {math.PR},
       adsurl = {https://ui.adsabs.harvard.edu/abs/2019arXiv190903562T},
      adsnote = {Provided by the SAO/NASA Astrophysics Data System},
	file={Biblio/DomainSpecific/Mathematics/1909.03562.pdf}
}





@ARTICLE{2006math......1622K,
       author = {{Kontorovich}, Alex V. and {Sinai}, Yakov G.},
        title = "{Structure Theorem for (d,g,h)-Maps}",
      journal = {arXiv Mathematics e-prints},
     keywords = {Mathematics - Number Theory, Mathematics - Probability, 11B83},
         year = "2006",
        month = "Jan",
          eid = {math/0601622},
        pages = {math/0601622},
archivePrefix = {arXiv},
       eprint = {math/0601622},
 primaryClass = {math.NT},
       adsurl = {https://ui.adsabs.harvard.edu/abs/2006math......1622K},
      adsnote = {Provided by the SAO/NASA Astrophysics Data System},
	file={Biblio/DomainSpecific/Mathematics/0601622.pdf}
}





@article{levernier2019survival,
  title={Survival probability of stochastic processes beyond persistence exponents},
  author={Levernier, N and Dolgushev, M and B{\'e}nichou, O and Voituriez, R and Gu{\'e}rin, T},
  journal={Nature communications},
  volume={10},
  number={1},
  pages={2990},
  year={2019},
  publisher={Nature Publishing Group},
  file={Biblio/DomainSpecific/Mathematics/s41467-019-10841-6.pdf}
}





@article{cruz2019open,
  title={On open and closed convex codes},
  author={Cruz, Joshua and Giusti, Chad and Itskov, Vladimir and Kronholm, Bill},
  journal={Discrete \& Computational Geometry},
  volume={61},
  number={2},
  pages={247--270},
  year={2019},
  publisher={Springer},
  file={Biblio/DomainSpecific/Mathematics/1609.03502.pdf}
}


@article{Agrawal8107,
	author = {Agrawal, Manindra and Ghosh, Sumanta and Saxena, Nitin},
	title = {Bootstrapping variables in algebraic circuits},
	volume = {116},
	number = {17},
	pages = {8107--8118},
	year = {2019},
	doi = {10.1073/pnas.1901272116},
	publisher = {National Academy of Sciences},
	abstract = {Zero testing [or polynomial identity testing (PIT)] for circuits is a computational algebra problem with numerous practical applications and a beautiful theory (e.g., primality testing and graph matching are solved using PIT). It strongly relates to showing that there are explicit/natural polynomials that require exponentially large circuits. The latter is also called the algebraic version of the P/=NP question (or VP/=?VNP) and lies in the intersection of mathematics and computing. This work provides a plausible route to it if we can design a polynomial-time computable, but small enough, hitting set for trivariate depth-4 circuits [merely ΣΠΣ∧(3)].We show that for the blackbox polynomial identity testing (PIT) problem it suffices to study circuits that depend only on the first extremely few variables. One needs only to consider size-s degree-s circuits that depend on the first logoc s variables (where c is a constant and composes a logarithm with itself c times). Thus, the hitting-set generator (hsg) manifests a bootstrapping behavior{\textemdash}a partial hsg against very few variables can be efficiently grown to a complete hsg. A Boolean analog, or a pseudorandom generator property of this type, is unheard of. Our idea is to use the partial hsg and its annihilator polynomial to efficiently bootstrap the hsg exponentially w.r.t. variables. This is repeated c times in an efficient way. Pushing the envelope further we show that (i) a quadratic-time blackbox PIT for 6,913-variate degree-s size-s polynomials will lead to a {\textquotedblleft}near{\textquotedblright}-complete derandomization of PIT and (ii) a blackbox PIT for n-variate degree-s size-s circuits in snδ time, for δ\&lt;1/2, will lead to a near-complete derandomization of PIT (in contrast, sn time is trivial). Our second idea is to study depth-4 circuits that depend on constantly many variables. We show that a polynomial-time computable, O(s1.49)-degree hsg for trivariate depth-4 circuits bootstraps to a quasipolynomial time hsg for general polydegree circuits and implies a lower bound that is a bit stronger than that of Kabanets and Impagliazzo [Kabanets V, Impagliazzo R (2003) Proceedings of the Thirty-Fifth Annual ACM Symposium on Theory of Computing STOC {\textquoteright}03].},
	issn = {0027-8424},
	URL = {https://www.pnas.org/content/116/17/8107},
	eprint = {https://www.pnas.org/content/116/17/8107.full.pdf},
	journal = {Proceedings of the National Academy of Sciences},
	file={Biblio/DomainSpecific/Mathematics/10.1073@pnas.1901272116.pdf}
}


@ARTICLE{2008arXiv0810.3082H,
       author = {{Henrion}, Didier},
        title = "{Le logo du CNRS est-il convexe ?}",
      journal = {arXiv e-prints},
     keywords = {Mathematics - History and Overview},
         year = "2008",
        month = "Oct",
          eid = {arXiv:0810.3082},
        pages = {arXiv:0810.3082},
archivePrefix = {arXiv},
       eprint = {0810.3082},
 primaryClass = {math.HO},
       adsurl = {https://ui.adsabs.harvard.edu/\#abs/2008arXiv0810.3082H},
      adsnote = {Provided by the SAO/NASA Astrophysics Data System},
	file={Biblio/DomainSpecific/Mathematics/0810.3082.pdf}
}




@ARTICLE{2018arXiv181211782F,
       author = {{Facca}, Enrico and {Cardin}, Franco and {Putti}, Mario},
        title = "{Physarum Dynamics and Optimal Transport for Basis Pursuit}",
      journal = {arXiv e-prints},
     keywords = {Mathematics - Numerical Analysis},
         year = 2018,
        month = Dec,
          eid = {arXiv:1812.11782},
        pages = {arXiv:1812.11782},
archivePrefix = {arXiv},
       eprint = {1812.11782},
 primaryClass = {math.NA},
       adsurl = {https://ui.adsabs.harvard.edu/\#abs/2018arXiv181211782F},
      adsnote = {Provided by the SAO/NASA Astrophysics Data System},
	file={Biblio/DomainSpecific/Mathematics/1812.11782.pdf}
}




@ARTICLE{2018arXiv181211935N,
       author = {{Nathanson}, Melvyn B.},
        title = "{The Erdos Paradox}",
      journal = {arXiv e-prints},
     keywords = {Mathematics - History and Overview},
         year = 2018,
        month = Dec,
          eid = {arXiv:1812.11935},
        pages = {arXiv:1812.11935},
archivePrefix = {arXiv},
       eprint = {1812.11935},
 primaryClass = {math.HO},
       adsurl = {https://ui.adsabs.harvard.edu/\#abs/2018arXiv181211935N},
      adsnote = {Provided by the SAO/NASA Astrophysics Data System},
	file={Biblio/DomainSpecific/Mathematics/1812.11935.pdf}
}





@ARTICLE{2015arXiv151102537I,
       author = {{Immorlica}, Nicole and {Kleinberg}, Robert and {Lucier}, Brendan and
        {Zadimoghaddam}, Morteza},
        title = "{Exponential Segregation in a Two-Dimensional Schelling Model with
        Tolerant Individuals}",
      journal = {arXiv e-prints},
     keywords = {Computer Science - Computer Science and Game Theory},
         year = 2015,
        month = Nov,
          eid = {arXiv:1511.02537},
        pages = {arXiv:1511.02537},
archivePrefix = {arXiv},
       eprint = {1511.02537},
 primaryClass = {cs.GT},
       adsurl = {https://ui.adsabs.harvard.edu/\#abs/2015arXiv151102537I},
      adsnote = {Provided by the SAO/NASA Astrophysics Data System},
	file={Biblio/DomainSpecific/Mathematics/1511.02537.pdf}
}





@book{riehl2017category,
  title={Category theory in context},
  author={Riehl, Emily},
  year={2017},
  publisher={Courier Dover Publications},
  file={Biblio/DomainSpecific/Mathematics/CategoryTheory_context.pdf}
}



@article{Klug10875,
	author = {Klug, Michael},
	title = {Functoriality of group trisections},
	volume = {115},
	number = {43},
	pages = {10875--10879},
	year = {2018},
	doi = {10.1073/pnas.1717167115},
	publisher = {National Academy of Sciences},
	abstract = {In three dimensions, it has been known for some time that, by using the fact that all three-manifolds admit Heegaard splittings, three-manifold topology can be understood to be in some sense equivalent to understanding maps from surface groups to free groups. Recently, a decomposition for smooth four-manifolds analogous to Heegaard splittings has been discovered and used to establish a similar group-theoretic framework for studying smooth four-manifolds. We review these constructions and show how they are in fact functorial.Building on work by Stallings, Jaco, and Hempel in three dimensions and a more recent four-dimensional analog by Abrams, Kirby, and Gay, we show how the splitting homomorphism and group trisection constructions can be extended to functors between appropriate categories. This further enhances the bridge between smooth four-dimensional topology and the group theory of free and surface groups.},
	issn = {0027-8424},
	URL = {http://www.pnas.org/content/115/43/10875},
	eprint = {http://www.pnas.org/content/115/43/10875.full.pdf},
	journal = {Proceedings of the National Academy of Sciences},
	file={Biblio/DomainSpecific/Mathematics/10875.full.pdf}
}



@article{atiyah2018fine,
  title={THE FINE STRUCTURE CONSTANT},
  author={Atiyah, M.},
  year={2018},
  file={Biblio/DomainSpecific/Mathematics/2018-The_Fine_Structure_Constant.pdf}
}


@ARTICLE{2017arXiv170701770P,
   author = {{P{\'e}rez-Marco}, R.},
    title = "{Notes on the Riemann Hypothesis}",
  journal = {ArXiv e-prints},
archivePrefix = "arXiv",
   eprint = {1707.01770},
 primaryClass = "math.HO",
 keywords = {Mathematics - History and Overview, Mathematics - Number Theory, 11M06},
     year = 2017,
    month = jul,
   adsurl = {http://adsabs.harvard.edu/abs/2017arXiv170701770P},
  adsnote = {Provided by the SAO/NASA Astrophysics Data System},
  file = {Docs/1707.01770.pdf}
}



@article{holden2018gravitational,
  title={Gravitational allocation on the sphere},
  author={Holden, Nina and Peres, Yuval and Zhai, Alex},
  journal={Proceedings of the National Academy of Sciences},
  volume={115},
  number={39},
  pages={9666--9671},
  year={2018},
  publisher={National Acad Sciences},
  file={Biblio/DomainSpecific/Mathematics/9666.full.pdf}
}


@article{kalinin2018self,
  title={Self-organized criticality and pattern emergence through the lens of tropical geometry},
  author={Kalinin, Nikita and Guzm{\'a}n-S{\'a}enz, Aldo and Prieto, Yulieth and Shkolnikov, Mikhail and Kalinina, Vera and Lupercio, Ernesto},
  journal={Proceedings of the National Academy of Sciences},
  pages={201805847},
  year={2018},
  publisher={National Acad Sciences},
  file={Biblio/DomainSpecific/Mathematics/10.1073@pnas.1805847115.pdf}
}



@article{yellowhorse2018creating,
	Author = {Yellowhorse, Alden and Lang, Robert J. and Tolman, Kyler and Howell, Larry L.},
	Journal = {Scientific Reports},
	Number = {1},
	Pages = {12936},
	Title = {Creating Linkage Permutations to Prevent Self-Intersection and Enable Deployable Networks of Thick-Origami},
	Volume = {8},
	Year = {2018},
	file={Biblio/DomainSpecific/Mathematics/s41598-018-31180-4.pdf}
}




@article{jaffe2018mathematical,
  title={Mathematical picture language program},
  author={Jaffe, Arthur M and Liu, Zhengwei},
  journal={Proceedings of the National Academy of Sciences},
  volume={115},
  number={1},
  pages={81--86},
  year={2018},
  publisher={National Acad Sciences},
  file={Biblio/DomainSpecific/Mathematics/PNAS-2018-Jaffe-81-6.pdf}
}


@article{ornes2017science,
  title={Science and Culture: Researchers find history in the diagrams of Euclid’s Elements},
  author={Ornes, Stephen},
  journal={Proceedings of the National Academy of Sciences},
  volume={114},
  number={47},
  pages={12353--12355},
  year={2017},
  publisher={National Acad Sciences},
  file={Biblio/DomainSpecific/Mathematics/PNAS-2017-Ornes-12353-5.pdf}
}


@article{dyson2009birds,
  title={Birds and frogs},
  author={Dyson, Freeman},
  journal={Notices of the AMS},
  volume={56},
  number={2},
  pages={212--223},
  year={2009},
  file={Biblio/DomainSpecific/Mathematics/Birds-and-Frogs.pdf}
}

@article{lahlou2018combinatorial,
  title={A Combinatorial Problem Arising From Ecology: the Maximum Empower Problem},
  author={Lahlou, Chams and Truffet, Laurent},
  journal={arXiv preprint arXiv:1802.05974},
  year={2018},
  file={Biblio/DomainSpecific/Mathematics/1802.05974.pdf}
}


@article{gannon2017mathematics,
  title={Mathematics: A pariah finds a home},
  author={Gannon, Terry},
  journal={Nature},
  volume={550},
  number={7675},
  pages={191},
  year={2017},
  publisher={Nature Publishing Group},
  file={Biblio/DomainSpecific/Mathematics/10.0000@www.nature.com@nature@journal@vaop@ncurrent@nature24147.pdf}
}

