


@article{amar2021time,
  title={Time trajectories in the transcriptomic response to exercise-a meta-analysis},
  author={Amar, David and Lindholm, Malene E and Norrbom, Jessica and Wheeler, Matthew T and Rivas, Manuel A and Ashley, Euan A},
  journal={Nature Communications},
  volume={12},
  number={1},
  pages={1--12},
  year={2021},
  publisher={Nature Publishing Group},
  file={Biblio/DomainSpecific/Metabolism/s41467-021-23579-x.pdf}
}


@article{wyatt2021postprandial,
	author = {Wyatt, Patrick and Berry, Sarah E. and Finlayson, Graham and O'Driscoll, Ruairi and Hadjigeorgiou, George and Drew, David A. and Khatib, Haya Al and Nguyen, Long H. and Linenberg, Inbar and Chan, Andrew T. and Spector, Tim D. and Franks, Paul W. and Wolf, Jonathan and Blundell, John and Valdes, Ana M.},
	journal = {Nature Metabolism},
	title = {Postprandial glycaemic dips predict appetite and energy intake in healthy individuals},
	year = {2021},
	file={Biblio/DomainSpecific/Metabolism/s42255-021-00383-x.pdf}
}



