

@article{lenormand2013generating,
  title={Generating a Synthetic Population of Individuals in Households: Sample-Free Vs Sample-Based Methods},
  author={Lenormand, Maxime and Deffuant, Guillaume},
  journal={Journal of Artificial Societies and Social Simulation},
  volume={16},
  number={4},
  pages={12},
  year={2013},
  url={http://jasss.soc.surrey.ac.uk/16/4/12.html}
}

