



@article{carrella2021no,
  title={No Free Lunch when Estimating Simulation Parameters},
  author={Carrella, Ernesto},
  journal={Journal of Artificial Societies and Social Simulation},
  volume={24},
  number={2},
  year={2021},
  publisher={JASSS},
  file={Biblio/DomainSpecific/ModelValidation/JASSS-24-2-7.pdf}
}


@article{saltelli2019short,
  title={A short comment on statistical versus mathematical modelling},
  author={Saltelli, Andrea},
  journal={Nature communications},
  volume={10},
  number={1},
  pages={1--3},
  year={2019},
  publisher={Nature Publishing Group},
  file={Biblio/DomainSpecific/ModelValidation/s41467-019-11865-8.pdf}
}



@article{cariboni2007role,
  title={The role of sensitivity analysis in ecological modelling},
  author={Cariboni, J and Gatelli, D and Liska, R and Saltelli, A},
  journal={Ecological modelling},
  volume={203},
  number={1-2},
  pages={167--182},
  year={2007},
  publisher={Elsevier},
  file={Biblio/DomainSpecific/ModelValidation/cariboni2007.pdf}
}


@inproceedings{sargent2010verification,
  title={Verification and validation of simulation models},
  author={Sargent, Robert G},
  booktitle={Proceedings of the 2010 Winter Simulation Conference},
  pages={166--183},
  year={2010},
  organization={IEEE},
  file={Biblio/DomainSpecific/ModelValidation/sargent2010.pdf}
}



@article{barlas1996formal,
  title={Formal aspects of model validity and validation in system dynamics},
  author={Barlas, Yaman},
  journal={System Dynamics Review: The Journal of the System Dynamics Society},
  volume={12},
  number={3},
  pages={183--210},
  year={1996},
  publisher={Wiley Online Library},
  file={Biblio/DomainSpecific/ModelValidation/barlas1996.pdf}
}


@article{anselin1986model,
  title={Model comparison and model validation issues in empirical work on urban density functions},
  author={Anselin, Luc and Can, Ayse},
  journal={Geographical Analysis},
  volume={18},
  number={3},
  pages={179--197},
  year={1986},
  publisher={Wiley Online Library},
  file={Biblio/DomainSpecific/ModelValidation/j.1538-4632.1986.tb00092.x.pdf}
}


@article{barlas1990philosophical,
  title={Philosophical roots of model validation: two paradigms},
  author={Barlas, Yaman and Carpenter, Stanley},
  journal={System Dynamics Review},
  volume={6},
  number={2},
  pages={148--166},
  year={1990},
  publisher={Wiley Online Library},
  file={Biblio/DomainSpecific/ModelValidation/barlas1990.pdf}
}



@article{van2016review,
  title={A review of current calibration and validation practices in land-change modeling},
  author={van Vliet, Jasper and Bregt, Arnold K and Brown, Daniel G and van Delden, Hedwig and Heckbert, Scott and Verburg, Peter H},
  journal={Environmental Modelling \& Software},
  volume={82},
  pages={174--182},
  year={2016},
  publisher={Elsevier},
  file={Biblio/DomainSpecific/ModelValidation/VanVlietetal2016EMS.pdf}
}

