

@article{usher2019software,
  title={A software framework for the integration of infrastructure simulation models},
  author={Usher, Will and Russell, Tom},
  journal={Journal of Open Research Software},
  volume={7},
  number={1},
  year={2019},
  publisher={Ubiquity Press},
  file={Biblio/DomainSpecific/ModelCoupling/265-3484-1-PB.pdf}
}


