


@article{koochaksaraei2017new,
  title={A new visualization method in many-objective optimization with chord diagram and angular mapping},
  author={Koochaksaraei, Roozbeh Haghnazar and Meneghini, Ivan Reinaldo and Coelho, Vitor Naz{\'a}rio and Guimar{\~a}es, Frederico Gadelha},
  journal={Knowledge-Based Systems},
  volume={138},
  pages={134--154},
  year={2017},
  publisher={Elsevier},
  file={Biblio/DomainSpecific/MultiObjectiveOptimization/koochaksaraei2017.pdf}
}



@incollection{fishburn1978survey,
  title={A survey of multiattribute/multicriterion evaluation theories},
  author={Fishburn, Peter C},
  booktitle={Multiple criteria problem solving},
  pages={181--224},
  year={1978},
  publisher={Springer},
  file={Biblio/DomainSpecific/MultiObjectiveOptimization/[Lecture%20Notes%20in%20Economics%20and%20Mathematical%20Systems%20155]%20David%20E.%20Bell%20(auth.),%20Professor%20Stanley%20Zionts%20(eds.)%20-%20Multiple%20Criteria%20Problem%20Solving_%20Proceedings%20of%20a%20Conference%20Buffalo,%20N.Y.%20(U.S.A),%20August%2022%20â€“%2026,%201977%20(1978,%20S.pdf}
}


