




@article{lahoorpoor2022access,
  title={Access-oriented design? Disentangling the effect of land use and transport network on accessibility},
  author={Lahoorpoor, Bahman and Rayaprolu, Hema and Wu, Hao and Levinson, David M},
  journal={Transportation Research Interdisciplinary Perspectives},
  volume={13},
  pages={100536},
  year={2022},
  publisher={Elsevier},
  file={Biblio/DomainSpecific/NetworksTerritories/1-s2.0-S2590198221002402-main.pdf}
}




@article{mezoued2022fragmentation,
  title={Fragmentation, métropolisation et résilience des formes urbaines à Alger},
  author={Mezoued, A.M.},
  journal={Cybergeo: European Journal of Geography},
  year={2022},
  publisher={CNRS-UMR G{\'e}ographie-cit{\'e}s 8504},
  url={https://journals.openedition.org/cybergeo/38150}
}




@article{qasseer2021role,
  title={The Role of Transportation Networks in enforcing the City Centrality; A case study of Budapest City},
  author={Qasseer, Ola and others},
  year={2021},
  publisher={Universidad Polit{\'e}cnica de Cartagena},
  file={Biblio/DomainSpecific/NetworksTerritories/sciforum-054261.pdf}
}




@article{slimane11interaction,
  title={Interaction Between the Transport Network and the Territory of Algiers (Complex System): In Search of Indicators},
  author={Slimane, Nour El Houda Baba and Baouni, Tahar},
  journal={Journal of Applied Engineering Sciences},
  volume={11},
  number={2},
  pages={77--92},
  file={Biblio/DomainSpecific/NetworksTerritories/10.2478_jaes-2021-0011.pdf}
}



@article{he2021heterogeneous,
  title={The Heterogeneous Impact of High-Speed Railway on Urban Expansion in China},
  author={He, Dan and Chen, Zixuan and Zhou, Jing and Yang, Ting and Lu, Linlin},
  journal={Remote Sensing},
  volume={13},
  number={23},
  pages={4914},
  year={2021},
  publisher={Multidisciplinary Digital Publishing Institute},
  file={Biblio/DomainSpecific/NetworksTerritories/remotesensing-13-04914-v2.pdf}
}



@phdthesis{2123-27161,
	author = {Turner, Hamish},
	title = {Creating a Historical Database for Roads in Greater Sydney using Map Digitisation},
	url = {https://hdl.handle.net/2123/27161},
	pages = {43},
	year = {2021-12-08},
	school = {University of Sydney},
	file={Biblio/DomainSpecific/NetworksTerritories/annotated-Hamish_Turner_CIVL4022_Thesis_FINAL%20(2)%20(1)_r.pdf}
}




@phdthesis{2123-27158,
	author = {Wang, Yingshuo},
	title = {Network Econometrics and the Evolution of Transport Systems},
	url = {https://hdl.handle.net/2123/27158},
	pages = {57},
	year = {2021-12-08},
	school = {University of Sydney},
	file={Biblio/DomainSpecific/NetworksTerritories/Yingshuo%20Wang%20(1)_r.pdf}
}




@article{li2021spatial,
  title={Spatial--Temporal Pattern and Influence Factors of Land Used for Transportation at the County Level since the Implementation of the Reform and Opening-Up Policy in China},
  author={Li, Baochao and Cao, Xiaoshu and Xu, Jianbin and Wang, Wulin and Ouyang, Shishu and Liu, Dan},
  journal={Land},
  volume={10},
  number={8},
  pages={833},
  year={2021},
  publisher={Multidisciplinary Digital Publishing Institute},
  file={Biblio/DomainSpecific/NetworksTerritories/land-10-00833.pdf}
}



@article{li2016integrated,
  title={Integrated co-evolution model of land use and traffic network design},
  author={Li, Tongfei and Wu, Jianjun and Sun, Huijun and Gao, Ziyou},
  journal={Networks and Spatial Economics},
  volume={16},
  number={2},
  pages={579--603},
  year={2016},
  publisher={Springer},
  file={Biblio/DomainSpecific/NetworksTerritories/Li2016_Article_IntegratedCo-evolutionModelOfL.pdf}
}




@article{li2019crowded,
  title={Crowded urban traffic: co-evolution among land development, population, roads and vehicle ownership},
  author={Li, Rong and Wu, Jianjun and Liu, Hao and Gao, Ziyou and Sun, Huijun and Ding, Rui and Tang, Tieqiao},
  journal={Nonlinear Dynamics},
  volume={95},
  number={4},
  pages={2783--2795},
  year={2019},
  publisher={Springer},
  file={Biblio/DomainSpecific/NetworksTerritories/Li2019_Article_CrowdedUrbanTrafficCo-evolutio.pdf}
}




@article{al2021effects,
  title={Effects of Urban Growth on Street Networks and Land Use in Mosul, Iraq: A Case Study},
  author={Al-Hinkawi, Wahda Shuker and Youssef, Sarah Salh and Ali Abd, H},
  journal={Civil Engineering and Architecture},
  volume={9},
  number={6},
  year={2021},
  file={Biblio/DomainSpecific/NetworksTerritories/CEA1-14824113.pdf}
}



@article{ribeill1985aspects,
  title={Aspects du d{\'e}veloppement du r{\'e}seau ferr{\'e} fran{\c{c}}ais sur la longue dur{\'e}e. L'approche historique},
  author={Ribeill, Georges},
  journal={FLUX Cahiers scientifiques internationaux R{\'e}seaux et Territoires},
  volume={1},
  number={1},
  pages={10--25},
  year={1985},
  publisher={Pers{\'e}e-Portail des revues scientifiques en SHS},
  file={Biblio/DomainSpecific/NetworksTerritories/flux_1162-9630_1985_num_1_1_1595.pdf}
}



@article{wu2021travelers,
  title={Travelers on the Railway: An Economic Growth Model of the Effects of Railway Transportation Infrastructure on Consumption and Sustainable Economic Growth},
  author={Wu, Congliang and Zhang, Ning and Xu, Liwen},
  journal={Sustainability},
  volume={13},
  number={12},
  pages={6863},
  year={2021},
  publisher={Multidisciplinary Digital Publishing Institute},
  file={Biblio/DomainSpecific/NetworksTerritories/sustainability-13-06863.pdf}
}





@article{zhang2021infrastructure,
  title={Infrastructure Investment and Regional Economic Growth: Evidence from Yangtze River Economic Zone},
  author={Zhang, Jinrui and Zhang, Ruilian and Xu, Junzhuo and Wang, Jie and Shi, Guoqing},
  journal={Land},
  volume={10},
  number={3},
  pages={320},
  year={2021},
  publisher={Multidisciplinary Digital Publishing Institute},
  file={Biblio/DomainSpecific/NetworksTerritories/land-10-00320-v2.pdf}
}


@article{rocha2021motorways,
  title={Motorways, urban growth, and suburbanisation: evidence from three decades of motorway construction in Portugal},
  author={Rocha, Bruno T and Melo, Patr{\'\i}cia C and Afonso, Nuno and Silva, Jo{\~a}o de Abreu},
  year={2021},
  publisher={ISEG-REM-Research in Economics and Mathematics},
  file={Biblio/DomainSpecific/NetworksTerritories/REM_WP_0174_2021.pdf}
}




@article{tsiachtsiras2021transportation,
title={Transportation Networks and the Rise of the Knowledge Economy in 19th Century France},
author={Tsiachtsiras, G.},
year={2021},
journal={Job Market Paper},
file={Biblio/DomainSpecific/NetworksTerritories/Transportation_Networks_and_the_Rise_of_the_Knowledge_Economy_in_19th_Century_France.pdf}
}




@article{le2020grand,
  title={Le Grand Contournement de Paris, trop loin et trop proche de Paris? Jeux d’{\'e}chelles et diversit{\'e} des dynamiques du polycentrisme du Bassin Parisien (1982-2015)},
  author={Le N{\'e}chet, Florent},
  journal={Flux},
  number={4},
  pages={26--52},
  year={2020},
  publisher={Universit{\'e} Gustave Eiffel},
  file={Biblio/DomainSpecific/NetworksTerritories/FLUX1_122_0026.pdf}
}


@article{mimeur2020effet,
  title={L’effet territorial des r{\'e}seaux de transport en question: perspectives dans la longue dur{\'e}e},
  author={Mimeur, Christophe and Th{\'e}venin, Thomas},
  journal={Flux},
  number={4},
  pages={1--3},
  year={2020},
  publisher={Universit{\'e} Gustave Eiffel},
  file={Biblio/DomainSpecific/NetworksTerritories/FLUX1_122_0001.pdf}
}




@techreport{ejermo2021innovation,
  title={Innovation in Malm{\"o} after the {\"O}resund Bridge},
  author={Ejermo, Olof and Hussinger, Katrin and Kalash, Basheer and Schubert, Torben and others},
  year={2021},
  institution={Lund University, CIRCLE-Centre for Innovation Research},
  file={Biblio/DomainSpecific/NetworksTerritories/202104_ejermo.pdf}
}




@article{zhang2021impact,
  title={Impact of high-speed rail on urban residents’ consumption in China—from a spatial perspective},
  author={Zhang, Yanyan and Ma, Wenliang and Yang, Hangjun and Wang, Qiang},
  journal={Transport Policy},
  volume={106},
  pages={1--10},
  year={2021},
  publisher={Elsevier},
  file={Biblio/DomainSpecific/NetworksTerritories/1-s2.0-S0967070X21000792-main.pdf}
}




@article{meng2021did,
  title={Did highways cause the urban polycentric spatial structure in the Shanghai metropolitan area?},
  author={Meng, Meixia and Yang, Yang and Shang, Yuping},
  journal={Journal of Transport Geography},
  volume={92},
  pages={103022},
  year={2021},
  publisher={Elsevier},
  file={Biblio/DomainSpecific/NetworksTerritories/1-s2.0-S0966692321000752-main.pdf}
}


@article{narendrakumarstudy,
  title={Study of How Transit Oriented Development involves urban growth and mass transit corridor of any City},
  author={Narendrakumar, Patel Yash and Padhya, Himanshu J},
  file={Biblio/DomainSpecific/NetworksTerritories/D0901022326.pdf}
}




@article{pagliara2019dynamics,
  title={The dynamics of transportation networks},
  author={Pagliara, Francesca},
  journal={Interdisciplinary Science Reviews},
  volume={44},
  number={3-4},
  pages={319--327},
  year={2019},
  publisher={Taylor \& Francis},
  file={Biblio/DomainSpecific/NetworksTerritories/The%20dynamics%20of%20transportation%20networks.pdf}
}



@article{credit2021spatial,
  title={Spatial Models or Random Forest? Evaluating the Use of Spatially Explicit Machine Learning Methods to Predict Employment Density around New Transit Stations in Los Angeles},
  author={Credit, Kevin},
  journal={Geographical Analysis},
  publisher={Wiley Online Library},
  year={2021},
  file={Biblio/DomainSpecific/NetworksTerritories/gean.12273.pdf}
}



@article{baum2017roads,
  title={Roads, railroads, and decentralization of Chinese cities},
  author={Baum-Snow, Nathaniel and Brandt, Loren and Henderson, J Vernon and Turner, Matthew A and Zhang, Qinghua},
  journal={Review of Economics and Statistics},
  volume={99},
  number={3},
  pages={435--448},
  year={2017},
  publisher={MIT Press},
  file={Biblio/DomainSpecific/NetworksTerritories/baum-snow2017.pdf}
}



@article{duranton2012urban,
  title={Urban growth and transportation},
  author={Duranton, Gilles and Turner, Matthew A},
  journal={Review of Economic Studies},
  volume={79},
  number={4},
  pages={1407--1440},
  year={2012},
  publisher={Oxford University Press},
  file={Biblio/DomainSpecific/NetworksTerritories/duranton2012.pdf}
}



@article{fajgelbaum2020optimal,
  title={Optimal transport networks in spatial equilibrium},
  author={Fajgelbaum, Pablo D and Schaal, Edouard},
  journal={Econometrica},
  volume={88},
  number={4},
  pages={1411--1452},
  year={2020},
  publisher={Wiley Online Library},
  file={Biblio/DomainSpecific/NetworksTerritories/ECTA15213.pdf}
}




@article{baum2007did,
  title={Did highways cause suburbanization?},
  author={Baum-Snow, Nathaniel},
  journal={The quarterly journal of economics},
  volume={122},
  number={2},
  pages={775--805},
  year={2007},
  publisher={MIT Press},
  file={Biblio/DomainSpecific/NetworksTerritories/122-2-775.pdf}
}




@article{chesnais1975geographie,
  title={G{\'e}ographie des transports et analyse r{\'e}gionale},
  author={Chesnais, Michel},
  journal={L'Espace g{\'e}ographique},
  pages={183--195},
  year={1975},
  publisher={JSTOR},
  file={Biblio/DomainSpecific/NetworksTerritories/spgeo_0046-2497_1975_num_4_3_1557.pdf}
}




@article{giuliano1995weakening,
  title={The weakening transportation-land use connection},
  author={Giuliano, Genevieve},
  year={1995},
  file={Biblio/DomainSpecific/NetworksTerritories/eScholarship_UC_item_1dn8t3w7.pdf}
}


@article{wang2019land,
  title={Land use/land cover and accessibility: implications of the correlations for land use and transport planning},
  author={Wang, Zhongqi and Han, Qi and de Vries, Bauke},
  journal={Applied Spatial Analysis and Policy},
  volume={12},
  number={4},
  pages={923--940},
  year={2019},
  publisher={Springer},
  file={Biblio/DomainSpecific/NetworksTerritories/Wang2019_Article_LandUseLandCoverAndAccessibili.pdf}
}



@article{sargent1972toward,
  title={Toward a dynamic model of urban morphology},
  author={Sargent Jr, Charles S},
  journal={Economic Geography},
  volume={48},
  number={4},
  pages={357--374},
  year={1972},
  publisher={Taylor \& Francis},
  file={Biblio/DomainSpecific/NetworksTerritories/142888.pdf}
}



@article{hui2005study,
  title={A study of commuting patterns of new town residents in Hong Kong},
  author={Hui, Eddie CM and Lam, Manfred CM},
  journal={Habitat International},
  volume={29},
  number={3},
  pages={421--437},
  year={2005},
  publisher={Elsevier},
  file={Biblio/DomainSpecific/NetworksTerritories/1-s2.0-S0197397504000025-main.pdf}
}



@article{newman1996land,
  title={The land use—transport connection: An overview},
  author={Newman, Peter WG and Kenworthy, Jeffrey R},
  journal={Land use policy},
  volume={13},
  number={1},
  pages={1--22},
  year={1996},
  publisher={Elsevier},
  file={Biblio/DomainSpecific/NetworksTerritories/1-s2.0-0264837795000275-main.pdf}
}


@article{offner2014effets,
  title={Les effets structurants des infrastructures de transport},
  author={Offner, Jean-Marc and Beaucire, Francis and Delaplace, Marie and Fr{\'e}mont, Armand and Ninot, Olivier and Bretagnolle, Anne and Pumain, Denise},
  journal={Espace Geographique},
  volume={43},
  number={1},
  pages={p--51},
  year={2014},
  file={Biblio/DomainSpecific/NetworksTerritories/EG_431_0051.pdf}
}



@article{alvarez2013evolution,
  title={Evolution of the territorial coverage of the railway network and its influence on population growth: The case of England and Wales, 1871--1931},
  author={Alvarez, Eduard and Franch, Xavi and Mart{\'\i}-Henneberg, Jordi},
  journal={Historical Methods: A Journal of Quantitative and Interdisciplinary History},
  volume={46},
  number={3},
  pages={175--191},
  year={2013},
  publisher={Taylor \& Francis},
  file={Biblio/DomainSpecific/NetworksTerritories/Evolution%20of%20the%20Territorial%20Coverage%20of%20the%20Railway%20Network%20and%20its%20Influence%20on%20Population%20Growth%20The%20Case%20of%20England%20and%20Wales%201871%201931.pdf}
}




@article{debrie2010colonization,
  title={From colonization to national territories in continental West Africa: the historical geography of a transport infrastructure network},
  author={Debrie, Jean},
  journal={Journal of Transport Geography},
  volume={18},
  number={2},
  pages={292--300},
  year={2010},
  publisher={Elsevier},
  file={Biblio/DomainSpecific/NetworksTerritories/1-s2.0-S0966692309000866-main.pdf}
}



@article{stkepniak2018role,
  title={The role of transport and population components in change in accessibility: the influence of the distance decay parameter},
  author={St{\k{e}}pniak, Marcin and Rosik, Piotr},
  journal={Networks and Spatial Economics},
  volume={18},
  number={2},
  pages={291--312},
  year={2018},
  publisher={Springer},
  file={Biblio/DomainSpecific/NetworksTerritories/Stępniak-Rosik2018_Article_TheRoleOfTransportAndPopulatio.pdf}
}


@article{beckerich2017does,
  title={Does high speed rail affect the behaviour of firms located in districts around central stations? The results of two surveys conducted in Reims in 2008 and 2014},
  author={Beckerich, Christophe and Benoit-Bazin, Sylvie and Delaplace, Marie},
  journal={Transportation Research Procedia},
  volume={25},
  pages={3017--3034},
  year={2017},
  publisher={Elsevier},
  file={Biblio/DomainSpecific/NetworksTerritories/1-s2.0-S235214651730594X-main.pdf}
}


@article{sander1997morphogenese,
  title={Morphog{\'e}n{\`e}se des transports en commun de surface en banlieue parisienne: les occasions manqu{\'e}es du red{\'e}ploiement},
  author={Sander, Agn{\`e}s},
  journal={Flux-Cahiers scientifiques internationaux R{\'e}seaux et territoires},
  number={29},
  pages={14--24},
  year={1997},
  file={Biblio/DomainSpecific/NetworksTerritories/flux_1154-2721_1997_num_13_29_1207.pdf}
}


@inproceedings{bonnafous2014observatoires,
  title={Les observatoires permanents comme instruments d'{\'e}valuation ex post: le cas fran{\c{c}}ais},
  author={Bonnafous, Alain},
  year={2014},
  organization={International Transport Forum Discussion Paper},
  file={Biblio/DomainSpecific/NetworksTerritories/822169371.pdf}
}



@misc{bretagnolle2005villes,
  title={Les villes dans l'espace-temps: vitesse des communications et structuration des territoires {\`a} l'{\'e}chelle intra et interurbaine},
  author={Bretagnolle, Anne},
  year={2005},
  file={Biblio/DomainSpecific/NetworksTerritories/villesHal.pdf}
}



@article{brotchie1984technological,
  title={Technological change and urban form},
  author={Brotchie, John F},
  journal={Environment and Planning A},
  volume={16},
  number={5},
  pages={583--596},
  year={1984},
  publisher={SAGE Publications Sage UK: London, England},
  file={Biblio/DomainSpecific/NetworksTerritories/brotchie1984.pdf}
}


@inproceedings{heddebaut2016does,
  title={Does the" tunnel effect" still remains in 2016?},
  author={Heddebaut, Odile and Ernecq, Jean-Marie},
  year={2016},
  file={Biblio/DomainSpecific/NetworksTerritories/doc00025434.pdf}
}


@article{kasraianinteraction,
  title={Interaction of rail infrastructure and urbanisation in the Netherlands; a preliminary analysis},
  author={Kasraian, Dena and Maat, Kees},
  file={Biblio/DomainSpecific/NetworksTerritories/kasraian_dena.pdf}
}

