


@article{brant2019benchmarking,
  title={Benchmarking Open-Endedness in Minimal Criterion Coevolution},
  author={Brant, Jonathan C and Stanley, Kenneth O},
  year={2019},
  file={Biblio/DomainSpecific/OpenEndedEvolution/brant_gecco19.pdf}
}



@article{guttenberg2019potential,
  title={On the potential for open-endedness in neural networks},
  author={Guttenberg, Nicholas and Virgo, Nathaniel and Penn, Alexandra},
  journal={Artificial life},
  volume={25},
  number={2},
  pages={145--167},
  year={2019},
  publisher={MIT Press},
  file={Biblio/DomainSpecific/OpenEndedEvolution/artl_a_00286.pdf}
}



@article{hintze2019open,
  title={Open-endedness for the sake of open-endedness},
  author={Hintze, Arend},
  journal={Artificial life},
  volume={25},
  number={2},
  pages={198--206},
  year={2019},
  publisher={MIT Press},
  file={Biblio/DomainSpecific/OpenEndedEvolution/artl_a_00289.pdf}
}





@article{corominas2018zipf,
  title={Zipfâ€™s law, unbounded complexity and open-ended evolution},
  author={Corominas-Murtra, Bernat and Seoane, Lu{\'\i}s F and Sol{\'e}, Ricard},
  journal={Journal of the Royal Society Interface},
  volume={15},
  number={149},
  pages={20180395},
  year={2018},
  publisher={The Royal Society},
  file={Biblio/DomainSpecific/OpenEndedEvolution/rsif.2018.0395.pdf}
}



@article{banzhaf2016defining,
  title={Defining and simulating open-ended novelty: requirements, guidelines, and challenges},
  author={Banzhaf, Wolfgang and Baumgaertner, Bert and Beslon, Guillaume and Doursat, Ren{\'e} and Foster, James A and McMullin, Barry and De Melo, Vinicius Veloso and Miconi, Thomas and Spector, Lee and Stepney, Susan and others},
  journal={Theory in Biosciences},
  volume={135},
  number={3},
  pages={131--161},
  year={2016},
  publisher={Springer},
  file={Biblio/DomainSpecific/OpenEndedEvolution/banzhaf2016.pdf}
}


@ARTICLE{2018arXiv180606628S,
   author = {{Sayama}, H.},
    title = "{Cardinality Leap for Open-Ended Evolution: Theoretical Consideration and Demonstration by ``Hash Chemistry''}",
  journal = {ArXiv e-prints},
archivePrefix = "arXiv",
   eprint = {1806.06628},
 keywords = {Computer Science - Neural and Evolutionary Computing, Computer Science - Discrete Mathematics, Nonlinear Sciences - Adaptation and Self-Organizing Systems, Quantitative Biology - Populations and Evolution},
     year = 2018,
    month = jun,
   adsurl = {http://adsabs.harvard.edu/abs/2018arXiv180606628S},
  adsnote = {Provided by the SAO/NASA Astrophysics Data System},
  file = {Biblio/DomainSpecific/OpenEndedEvolution/1806.06628.pdf}
}


@article{hernandez2018undecidability,
  title={Undecidability and irreducibility conditions for open-ended evolution and emergence},
  author={Hern{\'a}ndez-Orozco, Santiago and Hern{\'a}ndez-Quiroz, Francisco and Zenil, Hector},
  journal={Artificial life},
  volume={24},
  number={1},
  pages={56--70},
  year={2018},
  publisher={MIT Press},
  file={Biblio/DomainSpecific/OpenEndedEvolution/hernndezorozco2018.pdf}
}

