

@article{l2017detour,
  title={Detour and break optimising distance, a new perspective on transport and urbanism},
  author={l'Hostis, Alain},
  journal={Environment and Planning B: Urban Analytics and City Science},
  volume={44},
  number={3},
  pages={441--463},
  year={2017},
  publisher={SAGE Publications Sage UK: London, England},
  file={Biblio/DomainSpecific/OptimalDistance/0265813516638849.pdf}
}



