

@article{fu2017cvxr,
  title={CVXR: An R package for disciplined convex optimization},
  author={Fu, Anqi and Narasimhan, Balasubramanian and Boyd, Stephen},
  journal={arXiv preprint arXiv:1711.07582},
  year={2017},
  file={Biblio/DomainSpecific/Optimization/cvxr_paper.pdf}
}

