


@article{bonabeau2000inspiration,
  title={Inspiration for optimization from social insect behaviour},
  author={Bonabeau, Eric and Dorigo, Marco and Theraulaz, Guy},
  journal={Nature},
  volume={406},
  number={6791},
  pages={39--42},
  year={2000},
  publisher={Nature Publishing Group},
  file={Biblio/DomainSpecific/Optimisation/bonabeau2000a.pdf}
}



@article{aranha2021metaphor,
  title={Metaphor-based metaheuristics, a call for action: the elephant in the room},
  author={Aranha, Claus and Camacho Villal{\'o}n, Christian L and Campelo, Felipe and Dorigo, Marco and Ruiz, Rub{\'e}n and Sevaux, Marc and S{\"o}rensen, Kenneth and St{\"u}tzle, Thomas},
  journal={Swarm Intelligence},
  pages={1--6},
  year={2021},
  publisher={Springer},
  file={Biblio/DomainSpecific/Optimisation/Aranha2021_Article_Metaphor-basedMetaheuristicsAC.pdf}
}



@misc{vie2021population,
      title={Population network structure impacts genetic algorithm optimisation performance}, 
      author={Aymeric Vie},
      year={2021},
      eprint={2104.04254},
      archivePrefix={arXiv},
      primaryClass={cs.NE},
      file={Biblio/DomainSpecific/Optimisation/2104.04254.pdf}
}


@article{jain2018owl,
  title={Owl search algorithm: a novel nature-inspired heuristic paradigm for global optimization},
  author={Jain, Mohit and Maurya, Shubham and Rani, Asha and Singh, Vijander},
  journal={Journal of Intelligent \& Fuzzy Systems},
  volume={34},
  number={3},
  pages={1573--1582},
  year={2018},
  publisher={IOS Press},
  file={Biblio/DomainSpecific/Optimisation/jain2018.pdf}
}


@article{fu2017cvxr,
  title={CVXR: An R package for disciplined convex optimization},
  author={Fu, Anqi and Narasimhan, Balasubramanian and Boyd, Stephen},
  journal={arXiv preprint arXiv:1711.07582},
  year={2017},
  file={Biblio/DomainSpecific/Optimisation/cvxr_paper.pdf}
}

