



@article{castelvecchi2021what,
author={Castelvecchi, D.},
title={What’s next for physics’ standard model? Muon results throw theories into confusion},
journal={Nature},
year={2021},
doi={10.1038/d41586-021-01033-8},
url={https://www.nature.com/articles/d41586-021-01033-8}
}


@article{alice2020unveiling,
  title={Unveiling the strong interaction among hadrons at the LHC},
  author={ALICE Collaboration and others},
  journal={Nature},
  volume={588},
  number={7837},
  pages={232},
  year={2020},
  publisher={Nature Publishing Group},
  file={Biblio/DomainSpecific/ParticlePhysics/s41586-020-3001-6.pdf}
}


@article{muller2020standard,
title={Standard model of particle physics tested by the fine-structure constant},
author={Müller, H.},
journal={Nature},
volume={588},
pages={37-38},
year={2020},
doi={10.1038/d41586-020-03314-0},
url={https://www.nature.com/articles/d41586-020-03314-0},
file={Biblio/DomainSpecific/ParticlePhysics/d41586-020-03314-0.pdf}
}



@article{karliner2017quark,
  title={Quark-level analogue of nuclear fusion with doubly heavy baryons},
  author={Karliner, Marek and Rosner, Jonathan L},
  journal={Nature},
  volume={551},
  number={7678},
  pages={89},
  year={2017},
  publisher={Nature Publishing Group},
  file={Biblio/DomainSpecific/ParticlePhysics/10.1038@nature24289.pdf}
}


