


@article{gazni2020growing,
  title={The growing number of patent citations to scientific papers: Changes in the world, nations, and fields},
  author={Gazni, Ali},
  journal={Technology in Society},
  pages={101276},
  year={2020},
  publisher={Elsevier},
  file={Biblio/DomainSpecific/PatentsMining/10.1016@j.techsoc.2020.101276.pdf}
}


@inproceedings{rattinger2019semantic,
  title={Semantic and Topological Graphs for Patent Retrieval},
  author={Rattinger, Andr{\'e} and Le Goff, Jean-Marie and Guetl, Christian},
  booktitle={2019 Sixth International Conference on Social Networks Analysis, Management and Security (SNAMS)},
  pages={175--180},
  year={2019},
  organization={IEEE},
  file={Biblio/DomainSpecific/PatentsMining/08931877.pdf}
}


@ARTICLE{2019arXiv191014258A,
       author = {{Alam}, Nebula and {Tran}, Khoi-Nguyen and {Chen}, Sue Ann and
         {Wagner}, John and {Andres}, Josh and {Mohania}, Mukesh},
        title = "{Towards a Predictive Patent Analytics and Evaluation Platform}",
      journal = {arXiv e-prints},
     keywords = {Computer Science - Digital Libraries, Computer Science - Machine Learning},
         year = "2019",
        month = "Oct",
          eid = {arXiv:1910.14258},
        pages = {arXiv:1910.14258},
archivePrefix = {arXiv},
       eprint = {1910.14258},
 primaryClass = {cs.DL},
       adsurl = {https://ui.adsabs.harvard.edu/abs/2019arXiv191014258A},
      adsnote = {Provided by the SAO/NASA Astrophysics Data System},
	file={Biblio/DomainSpecific/PatentsMining/1910.14258.pdf}
}



