
@article{howell2020nasa,
	Author = {Howell, Samuel M. and Pappalardo, Robert T.},
	Journal = {Nature Communications},
	Number = {1},
	Pages = {1311},
	Title = {NASA's Europa Clipper---a mission to a potentially habitable ocean world},
	Volume = {11},
	Year = {2020},
	file={Biblio/DomainSpecific/PlanetaryScience/s41467-020-15160-9.pdf}
}


