



@misc{affili2021evolution,
      title={Evolution equations with applications to population dynamics}, 
      author={Elisa Affili},
      year={2021},
      eprint={2101.10925},
      archivePrefix={arXiv},
      primaryClass={math.AP},
      file={Biblio/DomainSpecific/PopulationBiology/2101.10925.pdf}
}


@article{lande2017evolution,
  title={Evolution of stochastic demography with life history tradeoffs in density-dependent age-structured populations},
  author={Lande, Russell and Engen, Steinar and S{\ae}ther, Bernt-Erik},
  journal={Proceedings of the National Academy of Sciences},
  pages={201710679},
  year={2017},
  publisher={National Acad Sciences},
  file={Biblio/DomainSpecific/PopulationBiology/10.1073@pnas.1710679114.pdf}
}


