
@article{Meyur_2022,
	doi = {10.1073/pnas.2205772119},
  
	url = {https://doi.org/10.1073%2Fpnas.2205772119},
  
	year = 2022,
	month = {oct},
  
	publisher = {Proceedings of the National Academy of Sciences},
  
	volume = {119},
  
	number = {42},
  
	author = {Rounak Meyur and Anil Vullikanti and Samarth Swarup and Henning S. Mortveit and Virgilio Centeno and Arun Phadke and H. Vincent Poor and Madhav V. Marathe},
  
	title = {Ensembles of realistic power distribution networks},
  
	journal = {Proceedings of the National Academy of Sciences},
	file={Biblio/DomainSpecific/PowerGrid/2208.06384.pdf}
}

