






@article{barja2019assesing,
	Author = {Barja, Adri{\`a} and Mart{\'\i}nez, Alejandro and Arenas, Alex and Fleurquin, Pablo and Nin, Jordi and Ramasco, Jos{\'e}J. and Tom{\'a}s, Elena},
	Journal = {EPJ Data Science},
	Number = {1},
	Pages = {32},
	Title = {Assessing the risk of default propagation in interconnected sectoral financial networks},
	Volume = {8},
	Year = {2019},file={Biblio/DomainSpecific/QuantitativeFinance/
	file={Biblio/DomainSpecific/QuantitativeFinance/s13688-019-0211-y.pdf}
}





@article{Engle18341,
	author = {Engle, Robert F. and Ruan, Tianyue},
	title = {Measuring the probability of a financial crisis},
	volume = {116},
	number = {37},
	pages = {18341--18346},
	year = {2019},
	doi = {10.1073/pnas.1903879116},
	publisher = {National Academy of Sciences},
	abstract = {This study develops quantitative estimates of the level of systemic risk in the financial sector that precipitates a financial crisis. When financial firms are undercapitalized, they face difficulty in covering losses in a downturn. The natural response to such vulnerability, reducing leverage through asset sales, can start a financial crisis. Perilous excessive credit growth is reflected in the undercapitalization of the financial sector. Market-based indicators of systemic risk such as SRISK, which stands for systemic risk, measure such weakness in real time. We develop a probability of crisis measure and an SRISK capacity measure for 23 developed countries. Our analysis highlights the important global externality whereby the risk of a crisis in one country depends on the undercapitalization of the rest of the world.When financial firms are undercapitalized, they are vulnerable to external shocks. The natural response to such vulnerability is to reduce leverage, and this can endogenously start a financial crisis. Excessive credit growth, the main cause of financial crises, is reflected in the undercapitalization of the financial sector. Market-based measures of systemic risk such as SRISK, which stands for systemic risk, enable monitoring how such weakness emerges and progresses in real time. In this paper, we develop quantitative estimates of the level of systemic risk in the financial sector that precipitates a financial crisis. Common approaches to reduce leverage correspond to specific scaling of systemic risk measures. In an econometric framework that recognizes financial crises represent left tail events for the economy, we estimate the relationship between SRISK and the financial crisis severity for 23 developed countries. We develop a probability of crisis measure and an SRISK capacity measure based on our estimates. Our analysis highlights the important global externality whereby the risk of a crisis in one country is strongly influenced by the undercapitalization of the rest of the world.},
	issn = {0027-8424},
	URL = {https://www.pnas.org/content/116/37/18341},
	eprint = {https://www.pnas.org/content/116/37/18341.full.pdf},
	journal = {Proceedings of the National Academy of Sciences},
	file={Biblio/DomainSpecific/QuantitativeFinance/18341.full.pdf}
}



@article {Stavroglou10646,
	author = {Stavroglou, Stavros K. and Pantelous, Athanasios A. and Stanley, H. Eugene and Zuev, Konstantin M.},
	title = {Hidden interactions in financial markets},
	volume = {116},
	number = {22},
	pages = {10646--10651},
	year = {2019},
	doi = {10.1073/pnas.1819449116},
	publisher = {National Academy of Sciences},
	abstract = {The importance of understanding the structure of financial markets has been progressively coming to a head in public discourse. With the rise and prevalence of big datasets, it is a crucial time for academics to study the interdependency outside conventional analysis. Thus, the methodology proposed in this paper does not only allow distinction between positive and negative interdependence, but additionally identifies a yet unexplored form of interaction we coin as {\textquotedblleft}dark causality.{\textquotedblright} We benchmark this method on asset pairs and on a network of sovereign credit default swaps, where the dominant form of interaction is that of dark causality. Our results are relevant to finance practitioners who, by virtue of their profession, tend to engage on a regular basis with retail investors.The hidden nature of causality is a puzzling, yet critical notion for effective decision-making. Financial markets are characterized by fluctuating interdependencies which seldom give rise to emergent phenomena such as bubbles or crashes. In this paper, we propose a method based on symbolic dynamics, which probes beneath the surface of abstract causality and unveils the nature of causal interactions. Our method allows distinction between positive and negative interdependencies as well as a hybrid form that we refer to as {\textquotedblleft}dark causality.{\textquotedblright} We propose an algorithm which is validated by models of a priori defined causal interaction. Then, we test our method on asset pairs and on a network of sovereign credit default swaps (CDS). Our findings suggest that dark causality dominates the sovereign CDS network, indicating interdependencies which require caution from an investor{\textquoteright}s perspective.},
	issn = {0027-8424},
	URL = {https://www.pnas.org/content/116/22/10646},
	eprint = {https://www.pnas.org/content/116/22/10646.full.pdf},
	journal = {Proceedings of the National Academy of Sciences},
	file={Biblio/DomainSpecific/QuantitativeFinance/10646.full.pdf}
}



@Article{Gutiérrez-Roig2019,
author="Guti{\'e}rrez-Roig, Mario
and Borge-Holthoefer, Javier
and Arenas, Alex
and Perell{\'o}, Josep",
title="Mapping individual behavior in financial markets: synchronization and anticipation",
journal="EPJ Data Science",
year="2019",
month="Mar",
day="27",
volume="8",
number="1",
pages="10",
abstract="In this paper we develop a methodology, based on Mutual Information and Transfer of Entropy, that allows to identify, quantify and map on a network the synchronization and anticipation relationships between financial traders. We apply this methodology to a dataset containing 410,612{\$}410{\backslash}text{\{},{\}}612{\$}real buy and sell operations, made by 566 non-professional investors from a private investment firm on 8 different assets from the Spanish IBEX market during a period of time from 2000 to 2008. These networks present a peculiar topology significantly different from the random networks. We seek alternative features based on human behavior that might explain part of those 12,158{\$}12{\backslash}text{\{},{\}}158{\$}synchronization links and 1031 anticipation links. Thus, we detect that daily synchronization with price (present in 64.90{\%} of investors) and the one-day delay with respect to price (present in 4.38{\%} of investors) play a significant role in the network structure. We find that individuals reaction to daily price changes explains around 20{\%} of the links in the Synchronization Network, and has significant effects on the Anticipation Network. Finally, we show how using these networks we substantially improve the prediction accuracy when Random Forest models are used to nowcast and predict the activity of individual investors.",
issn="2193-1127",
doi="10.1140/epjds/s13688-019-0188-6",
url="https://doi.org/10.1140/epjds/s13688-019-0188-6",
file={Biblio/DomainSpecific/QuantitativeFinance/Gutiérrez-Roig2019_Article_MappingIndividualBehaviorInFin.pdf}
}


@article{10.1371/journal.pone.0146576,
    author = {Ranco, Gabriele AND Bordino, Ilaria AND Bormetti, Giacomo AND Caldarelli, Guido AND Lillo, Fabrizio AND Treccani, Michele},
    journal = {PLOS ONE},
    publisher = {Public Library of Science},
    title = {Coupling News Sentiment with Web Browsing Data Improves Prediction of Intra-Day Price Dynamics},
    year = {2016},
    month = {01},
    volume = {11},
    url = {https://doi.org/10.1371/journal.pone.0146576},
    pages = {1-14},
    abstract = {The new digital revolution of big data is deeply changing our capability of understanding society and forecasting the outcome of many social and economic systems. Unfortunately, information can be very heterogeneous in the importance, relevance, and surprise it conveys, affecting severely the predictive power of semantic and statistical methods. Here we show that the aggregation of web users’ behavior can be elicited to overcome this problem in a hard to predict complex system, namely the financial market. Specifically, our in-sample analysis shows that the combined use of sentiment analysis of news and browsing activity of users of Yahoo! Finance greatly helps forecasting intra-day and daily price changes of a set of 100 highly capitalized US stocks traded in the period 2012–2013. Sentiment analysis or browsing activity when taken alone have very small or no predictive power. Conversely, when considering a news signal where in a given time interval we compute the average sentiment of the clicked news, weighted by the number of clicks, we show that for nearly 50% of the companies such signal Granger-causes hourly price returns. Our result indicates a “wisdom-of-the-crowd” effect that allows to exploit users’ activity to identify and weigh properly the relevant and surprising news, enhancing considerably the forecasting power of the news sentiment.},
    number = {1},
    doi = {10.1371/journal.pone.0146576},
    file={Biblio/DomainSpecific/QuantitativeFinance/journal.pone.0146576.PDF}
}



@article{petrov2018agent,
  author={Petrov, Vladimir and Golub, Anton and Olsen, Richard B.},
  title={Agent-Based Model in Directional-Change Intrinsic Time},
  year={2018},
  journal={Available at SSRN: https://ssrn.com/abstract=3240456 or http://dx.doi.org/10.2139/ssrn.3240456},
  file={Biblio/DomainSpecific/QuantitativeFinance/SSRN-id3240456.pdf}
}


@ARTICLE{2015arXiv150306205H,
   author = {{Hayden}, L.~X. and {Chachra}, R. and {Alemi}, A.~A. and {Ginsparg}, P.~H. and 
	{Sethna}, J.~P.},
    title = "{Canonical Sectors and Evolution of Firms in the US Stock Markets}",
  journal = {ArXiv e-prints},
archivePrefix = "arXiv",
   eprint = {1503.06205},
 primaryClass = "q-fin.ST",
 keywords = {Quantitative Finance - Statistical Finance, Physics - Physics and Society, Quantitative Finance - Portfolio Management},
     year = 2015,
    month = mar,
   adsurl = {http://adsabs.harvard.edu/abs/2015arXiv150306205H},
  adsnote = {Provided by the SAO/NASA Astrophysics Data System},
  file={Biblio/DomainSpecific/QuantitativeFinance/1503.06205.pdf}
}





@article{10.1371/journal.pone.0193290,
    author = {Fievet, Lucas AND Sornette, Didier},
    journal = {PLOS ONE},
    publisher = {Public Library of Science},
    title = {Calibrating emergent phenomena in stock markets with agent based models},
    year = {2018},
    month = {03},
    volume = {13},
    url = {https://doi.org/10.1371/journal.pone.0193290},
    pages = {1-17},
    abstract = {Since the 2008 financial crisis, agent-based models (ABMs), which account for out-of-equilibrium dynamics, heterogeneous preferences, time horizons and strategies, have often been envisioned as the new frontier that could revolutionise and displace the more standard models and tools in economics. However, their adoption and generalisation is drastically hindered by the absence of general reliable operational calibration methods. Here, we start with a different calibration angle that qualifies an ABM for its ability to achieve abnormal trading performance with respect to the buy-and-hold strategy when fed with real financial data. Starting from the common definition of standard minority and majority agents with binary strategies, we prove their equivalence to optimal decision trees. This efficient representation allows us to exhaustively test all meaningful single agent models for their potential anomalous investment performance, which we apply to the NASDAQ Composite index over the last 20 years. We uncover large significant predictive power, with anomalous Sharpe ratio and directional accuracy, in particular during the dotcom bubble and crash and the 2008 financial crisis. A principal component analysis reveals transient convergence between the anomalous minority and majority models. A novel combination of the optimal single-agent models of both classes into a two-agents model leads to remarkable superior investment performance, especially during the periods of bubbles and crashes. Our design opens the field of ABMs to construct novel types of advanced warning systems of market crises, based on the emergent collective intelligence of ABMs built on carefully designed optimal decision trees that can be reversed engineered from real financial data.},
    number = {3},
    doi = {10.1371/journal.pone.0193290},
    file={Biblio/DomainSpecific/QuantitativeFinance/journal.pone.0193290.pdf}
}



@ARTICLE{2018PhyA..509.1080X,
   author = {{Xu}, X.-J. and {Wang}, K. and {Zhu}, L. and {Zhang}, L.-J.},
    title = "{Efficient construction of threshold networks of stock markets}",
  journal = {Physica A Statistical Mechanics and its Applications},
archivePrefix = "arXiv",
   eprint = {1803.06223},
 primaryClass = "q-fin.ST",
 keywords = {Threshold network, Parameter estimation, Stock market},
     year = 2018,
    month = nov,
   volume = 509,
    pages = {1080-1086},
      doi = {10.1016/j.physa.2018.06.083},
   adsurl = {http://adsabs.harvard.edu/abs/2018PhyA..509.1080X},
  adsnote = {Provided by the SAO/NASA Astrophysics Data System},
  file={Biblio/DomainSpecific/QuantitativeFinance/1803.06223.pdf}
}



@InProceedings{10.1007/978-3-319-96661-8_12,
author="Vi{\'e}, Aymeric",
editor="Morales, Alfredo J.
and Gershenson, Carlos
and Braha, Dan
and Minai, Ali A.
and Bar-Yam, Yaneer",
title="Selecting Information in Financial Markets Herding and Opinion Swings in a Heterogeneous Mimetic Rational Agent-Based Model",
booktitle="Unifying Themes in Complex Systems IX",
year="2018",
publisher="Springer International Publishing",
address="Cham",
pages="120--128",
abstract="As expectations are driven by information, its selection is central in explaining common knowledge building and unraveling in financial markets. This paper addresses this information selection problem by proposing imitation as a key mechanism to explain opinion dynamics. Behavioral and cognitive approaches are combined to design mimetic rational agents able to infer and imitate each other's choices and strategies in opinion making process. Model simulations tend to reproduce stylized facts of financial markets such as opinion swings, innovation diffusion, social differentiation and existence of positive feedback loops. The influence of imitation reliability and information precision on opinion dynamics is discussed. The results shed light on two competing aspects of imitation behavior: building collective consensus and favoring innovation diffusion. The role of contrarian and individualistic attitudes in triggering large-scale changes is highlighted. From the results, some policy recommendations to reach better financial markets stability through opinion dynamics management are finally presented.",
isbn="978-3-319-96661-8",
file={Biblio/DomainSpecific/QuantitativeFinance/10.1007@978-3-319-96661-812.pdf}
}



@article{lamarche2018coexistence,
  title={Coexistence of several currencies in presence of increasing returns to adoption},
  author={Lamarche-Perrin, Alex and Orl{\'e}an, Andr{\'e} and Jensen, Pablo},
  journal={Physica A: Statistical Mechanics and its Applications},
  volume={496},
  pages={612--619},
  year={2018},
  publisher={Elsevier},
  file={Biblio/DomainSpecific/QuantitativeFinance/1801.04218.pdf}
}

@article{quax2018information,
  title={Information processing features can detect behavioral regimes of dynamical systems},
  author={Quax, Rick and Chliamovitch, Gregor and Dupuis, Alexandre and Falcone, Jean-Luc and Chopard, Bastien and Hoekstra, Alfons G and Sloot, Peter},
  journal={Complexity},
  volume={2018},
  year={2018},
  publisher={Hindawi},
  file={Biblio/DomainSpecific/QuantitativeFinance/1709.09447.pdf}
}


@article{li2016geography,
	Author = {Li, Xing and Qiu, Tian and Chen, Guang and Zhong, Li-Xin and Jiang, Xiong-Fei},
	Date-Added = {2016-03-14 19:01:41 +0000},
	Date-Modified = {2016-03-14 19:01:41 +0000},
	Journal = {arXiv preprint arXiv:1601.01753},
	Title = {Geography and distance effect on financial dynamics in the Chinese stock market},
	Year = {2016},
	Bdsk-File-1 = {YnBsaXN0MDDUAQIDBAUGJCVYJHZlcnNpb25YJG9iamVjdHNZJGFyY2hpdmVyVCR0b3ASAAGGoKgHCBMUFRYaIVUkbnVsbNMJCgsMDxJXTlMua2V5c1pOUy5vYmplY3RzViRjbGFzc6INDoACgAOiEBGABIAFgAdccmVsYXRpdmVQYXRoWWFsaWFzRGF0YV8QFURvY3MvMTYwMS4wMTc1M3YxLnBkZtIXCxgZV05TLmRhdGFPEQIUAAAAAAIUAAIAAAxNYWNpbnRvc2ggSEQAAAAAAAAAAAAAAAAAAADKQQYMSCsAAAQnznQQMTYwMS4wMTc1M3YxLnBkZgAAAAAAAAAAAAAAAAAAAAAAAAAAAAAAAAAAAAAAAAAAAAAAAAAAAAAAAAAAAAAAA/kmU9K9wfUAAAAAAAAAAAABAAMAAAkgAAAAAAAAAAAAAAAAAAAABERvY3MAEAAIAADKQOnsAAAAEQAIAADSvbPlAAAAAQAgBCfOdAQnzm0Dsb35AKmYegCQwikABQIVAAUCFAAAvuwAAgB5TWFjaW50b3NoIEhEOlVzZXJzOgBKdXN0ZToARG9jdW1lbnRzOgBDb21wbGV4U3lzdGVtczoAQmlibGlvOgBEb21haW5TcGVjaWZpYzoAUXVhbnRpdGF0aXZlRmluYW5jZToARG9jczoAMTYwMS4wMTc1M3YxLnBkZgAADgAiABAAMQA2ADAAMQAuADAAMQA3ADUAMwB2ADEALgBwAGQAZgAPABoADABNAGEAYwBpAG4AdABvAHMAaAAgAEgARAASAGRVc2Vycy9KdXN0ZS9Eb2N1bWVudHMvQ29tcGxleFN5c3RlbXMvQmlibGlvL0RvbWFpblNwZWNpZmljL1F1YW50aXRhdGl2ZUZpbmFuY2UvRG9jcy8xNjAxLjAxNzUzdjEucGRmABMAAS8AABUAAgAM//8AAIAG0hscHR5aJGNsYXNzbmFtZVgkY2xhc3Nlc11OU011dGFibGVEYXRhox0fIFZOU0RhdGFYTlNPYmplY3TSGxwiI1xOU0RpY3Rpb25hcnmiIiBfEA9OU0tleWVkQXJjaGl2ZXLRJidUcm9vdIABAAgAEQAaACMALQAyADcAQABGAE0AVQBgAGcAagBsAG4AcQBzAHUAdwCEAI4ApgCrALMCywLNAtIC3QLmAvQC+AL/AwgDDQMaAx0DLwMyAzcAAAAAAAACAQAAAAAAAAAoAAAAAAAAAAAAAAAAAAADOQ==}}

@article{delellis2015wealth,
	Author = {DeLellis, Pietro and Garofalo, Franco and Iudice, Francesco Lo and Napoletano, Elena},
	Date-Added = {2016-03-14 18:52:49 +0000},
	Date-Modified = {2016-03-14 18:52:49 +0000},
	Journal = {New Journal of Physics},
	Number = {8},
	Pages = {083003},
	Publisher = {IOP Publishing},
	Title = {Wealth distribution across communities of adaptive financial agents},
	Volume = {17},
	Year = {2015},
	Bdsk-File-1 = {YnBsaXN0MDDUAQIDBAUGJCVYJHZlcnNpb25YJG9iamVjdHNZJGFyY2hpdmVyVCR0b3ASAAGGoKgHCBMUFRYaIVUkbnVsbNMJCgsMDxJXTlMua2V5c1pOUy5vYmplY3RzViRjbGFzc6INDoACgAOiEBGABIAFgAdccmVsYXRpdmVQYXRoWWFsaWFzRGF0YV8QFURvY3MvMTUwOS4wMTIxN3YxLnBkZtIXCxgZV05TLmRhdGFPEQIUAAAAAAIUAAIAAAxNYWNpbnRvc2ggSEQAAAAAAAAAAAAAAAAAAADKQQYMSCsAAAQnznQQMTUwOS4wMTIxN3YxLnBkZgAAAAAAAAAAAAAAAAAAAAAAAAAAAAAAAAAAAAAAAAAAAAAAAAAAAAAAAAAAAAAAAyPuadIWKMkAAAAAAAAAAAABAAMAAAkgAAAAAAAAAAAAAAAAAAAABERvY3MAEAAIAADKQOnsAAAAEQAIAADSFgypAAAAAQAgBCfOdAQnzm0Dsb35AKmYegCQwikABQIVAAUCFAAAvuwAAgB5TWFjaW50b3NoIEhEOlVzZXJzOgBKdXN0ZToARG9jdW1lbnRzOgBDb21wbGV4U3lzdGVtczoAQmlibGlvOgBEb21haW5TcGVjaWZpYzoAUXVhbnRpdGF0aXZlRmluYW5jZToARG9jczoAMTUwOS4wMTIxN3YxLnBkZgAADgAiABAAMQA1ADAAOQAuADAAMQAyADEANwB2ADEALgBwAGQAZgAPABoADABNAGEAYwBpAG4AdABvAHMAaAAgAEgARAASAGRVc2Vycy9KdXN0ZS9Eb2N1bWVudHMvQ29tcGxleFN5c3RlbXMvQmlibGlvL0RvbWFpblNwZWNpZmljL1F1YW50aXRhdGl2ZUZpbmFuY2UvRG9jcy8xNTA5LjAxMjE3djEucGRmABMAAS8AABUAAgAM//8AAIAG0hscHR5aJGNsYXNzbmFtZVgkY2xhc3Nlc11OU011dGFibGVEYXRhox0fIFZOU0RhdGFYTlNPYmplY3TSGxwiI1xOU0RpY3Rpb25hcnmiIiBfEA9OU0tleWVkQXJjaGl2ZXLRJidUcm9vdIABAAgAEQAaACMALQAyADcAQABGAE0AVQBgAGcAagBsAG4AcQBzAHUAdwCEAI4ApgCrALMCywLNAtIC3QLmAvQC+AL/AwgDDQMaAx0DLwMyAzcAAAAAAAACAQAAAAAAAAAoAAAAAAAAAAAAAAAAAAADOQ==}}

@article{challet2015moment,
	Author = {Challet, Damien},
	Date-Added = {2016-03-14 18:29:30 +0000},
	Date-Modified = {2016-03-14 18:29:30 +0000},
	Journal = {arXiv preprint arXiv:1505.01333},
	Title = {Moment-free Sharpe ratio estimation from total drawdown durations},
	Year = {2015},
	Bdsk-File-1 = {YnBsaXN0MDDUAQIDBAUGJCVYJHZlcnNpb25YJG9iamVjdHNZJGFyY2hpdmVyVCR0b3ASAAGGoKgHCBMUFRYaIVUkbnVsbNMJCgsMDxJXTlMua2V5c1pOUy5vYmplY3RzViRjbGFzc6INDoACgAOiEBGABIAFgAdccmVsYXRpdmVQYXRoWWFsaWFzRGF0YV8QFURvY3MvMTUwNS4wMTMzM3YyLnBkZtIXCxgZV05TLmRhdGFPEQIUAAAAAAIUAAIAAAxNYWNpbnRvc2ggSEQAAAAAAAAAAAAAAAAAAADKQQYMSCsAAAQnznQQMTUwNS4wMTMzM3YyLnBkZgAAAAAAAAAAAAAAAAAAAAAAAAAAAAAAAAAAAAAAAAAAAAAAAAAAAAAAAAAAAAAAA2IPz9I4PuMAAAAAAAAAAAABAAMAAAkgAAAAAAAAAAAAAAAAAAAABERvY3MAEAAIAADKQOnsAAAAEQAIAADSOCLDAAAAAQAgBCfOdAQnzm0Dsb35AKmYegCQwikABQIVAAUCFAAAvuwAAgB5TWFjaW50b3NoIEhEOlVzZXJzOgBKdXN0ZToARG9jdW1lbnRzOgBDb21wbGV4U3lzdGVtczoAQmlibGlvOgBEb21haW5TcGVjaWZpYzoAUXVhbnRpdGF0aXZlRmluYW5jZToARG9jczoAMTUwNS4wMTMzM3YyLnBkZgAADgAiABAAMQA1ADAANQAuADAAMQAzADMAMwB2ADIALgBwAGQAZgAPABoADABNAGEAYwBpAG4AdABvAHMAaAAgAEgARAASAGRVc2Vycy9KdXN0ZS9Eb2N1bWVudHMvQ29tcGxleFN5c3RlbXMvQmlibGlvL0RvbWFpblNwZWNpZmljL1F1YW50aXRhdGl2ZUZpbmFuY2UvRG9jcy8xNTA1LjAxMzMzdjIucGRmABMAAS8AABUAAgAM//8AAIAG0hscHR5aJGNsYXNzbmFtZVgkY2xhc3Nlc11OU011dGFibGVEYXRhox0fIFZOU0RhdGFYTlNPYmplY3TSGxwiI1xOU0RpY3Rpb25hcnmiIiBfEA9OU0tleWVkQXJjaGl2ZXLRJidUcm9vdIABAAgAEQAaACMALQAyADcAQABGAE0AVQBgAGcAagBsAG4AcQBzAHUAdwCEAI4ApgCrALMCywLNAtIC3QLmAvQC+AL/AwgDDQMaAx0DLwMyAzcAAAAAAAACAQAAAAAAAAAoAAAAAAAAAAAAAAAAAAADOQ==}}

@article{jurczyk2015cross,
	Author = {Jurczyk, Jan and Eckrot, Alexander},
	Date-Added = {2016-03-14 18:26:38 +0000},
	Date-Modified = {2016-03-14 18:26:38 +0000},
	Journal = {arXiv preprint arXiv:1502.07367},
	Title = {Cross correlations in European government bonds and EuroStoxx},
	Year = {2015},
	Bdsk-File-1 = {YnBsaXN0MDDUAQIDBAUGJCVYJHZlcnNpb25YJG9iamVjdHNZJGFyY2hpdmVyVCR0b3ASAAGGoKgHCBMUFRYaIVUkbnVsbNMJCgsMDxJXTlMua2V5c1pOUy5vYmplY3RzViRjbGFzc6INDoACgAOiEBGABIAFgAdccmVsYXRpdmVQYXRoWWFsaWFzRGF0YV8QFURvY3MvMTUwMi4wNzM2N3YzLnBkZtIXCxgZV05TLmRhdGFPEQIUAAAAAAIUAAIAAAxNYWNpbnRvc2ggSEQAAAAAAAAAAAAAAAAAAADKQQYMSCsAAAQnznQQMTUwMi4wNzM2N3YzLnBkZgAAAAAAAAAAAAAAAAAAAAAAAAAAAAAAAAAAAAAAAAAAAAAAAAAAAAAAAAAAAAAAAtu3OdHEZkwAAAAAAAAAAAABAAMAAAkgAAAAAAAAAAAAAAAAAAAABERvY3MAEAAIAADKQOnsAAAAEQAIAADRxEosAAAAAQAgBCfOdAQnzm0Dsb35AKmYegCQwikABQIVAAUCFAAAvuwAAgB5TWFjaW50b3NoIEhEOlVzZXJzOgBKdXN0ZToARG9jdW1lbnRzOgBDb21wbGV4U3lzdGVtczoAQmlibGlvOgBEb21haW5TcGVjaWZpYzoAUXVhbnRpdGF0aXZlRmluYW5jZToARG9jczoAMTUwMi4wNzM2N3YzLnBkZgAADgAiABAAMQA1ADAAMgAuADAANwAzADYANwB2ADMALgBwAGQAZgAPABoADABNAGEAYwBpAG4AdABvAHMAaAAgAEgARAASAGRVc2Vycy9KdXN0ZS9Eb2N1bWVudHMvQ29tcGxleFN5c3RlbXMvQmlibGlvL0RvbWFpblNwZWNpZmljL1F1YW50aXRhdGl2ZUZpbmFuY2UvRG9jcy8xNTAyLjA3MzY3djMucGRmABMAAS8AABUAAgAM//8AAIAG0hscHR5aJGNsYXNzbmFtZVgkY2xhc3Nlc11OU011dGFibGVEYXRhox0fIFZOU0RhdGFYTlNPYmplY3TSGxwiI1xOU0RpY3Rpb25hcnmiIiBfEA9OU0tleWVkQXJjaGl2ZXLRJidUcm9vdIABAAgAEQAaACMALQAyADcAQABGAE0AVQBgAGcAagBsAG4AcQBzAHUAdwCEAI4ApgCrALMCywLNAtIC3QLmAvQC+AL/AwgDDQMaAx0DLwMyAzcAAAAAAAACAQAAAAAAAAAoAAAAAAAAAAAAAAAAAAADOQ==}}

@article{silva2015modular,
	Author = {Silva, Filipi N and Comin, Cesar H and Peron, Thomas K and Rodrigues, Francisco A and Ye, Cheng and Wilson, Richard C and Hancock, Edwin and Costa, Luciano da F},
	Date-Added = {2016-03-14 18:24:38 +0000},
	Date-Modified = {2016-03-14 18:24:38 +0000},
	Journal = {arXiv preprint arXiv:1501.05040},
	Title = {Modular Dynamics of Financial Market Networks},
	Year = {2015},
	Bdsk-File-1 = {YnBsaXN0MDDUAQIDBAUGJCVYJHZlcnNpb25YJG9iamVjdHNZJGFyY2hpdmVyVCR0b3ASAAGGoKgHCBMUFRYaIVUkbnVsbNMJCgsMDxJXTlMua2V5c1pOUy5vYmplY3RzViRjbGFzc6INDoACgAOiEBGABIAFgAdccmVsYXRpdmVQYXRoWWFsaWFzRGF0YV8QFURvY3MvMTUwMS4wNTA0MHYzLnBkZtIXCxgZV05TLmRhdGFPEQIUAAAAAAIUAAIAAAxNYWNpbnRvc2ggSEQAAAAAAAAAAAAAAAAAAADKQQYMSCsAAAQnznQQMTUwMS4wNTA0MHYzLnBkZgAAAAAAAAAAAAAAAAAAAAAAAAAAAAAAAAAAAAAAAAAAAAAAAAAAAAAAAAAAAAAAAu7HhtHgEYsAAAAAAAAAAAABAAMAAAkgAAAAAAAAAAAAAAAAAAAABERvY3MAEAAIAADKQOnsAAAAEQAIAADR3/VrAAAAAQAgBCfOdAQnzm0Dsb35AKmYegCQwikABQIVAAUCFAAAvuwAAgB5TWFjaW50b3NoIEhEOlVzZXJzOgBKdXN0ZToARG9jdW1lbnRzOgBDb21wbGV4U3lzdGVtczoAQmlibGlvOgBEb21haW5TcGVjaWZpYzoAUXVhbnRpdGF0aXZlRmluYW5jZToARG9jczoAMTUwMS4wNTA0MHYzLnBkZgAADgAiABAAMQA1ADAAMQAuADAANQAwADQAMAB2ADMALgBwAGQAZgAPABoADABNAGEAYwBpAG4AdABvAHMAaAAgAEgARAASAGRVc2Vycy9KdXN0ZS9Eb2N1bWVudHMvQ29tcGxleFN5c3RlbXMvQmlibGlvL0RvbWFpblNwZWNpZmljL1F1YW50aXRhdGl2ZUZpbmFuY2UvRG9jcy8xNTAxLjA1MDQwdjMucGRmABMAAS8AABUAAgAM//8AAIAG0hscHR5aJGNsYXNzbmFtZVgkY2xhc3Nlc11OU011dGFibGVEYXRhox0fIFZOU0RhdGFYTlNPYmplY3TSGxwiI1xOU0RpY3Rpb25hcnmiIiBfEA9OU0tleWVkQXJjaGl2ZXLRJidUcm9vdIABAAgAEQAaACMALQAyADcAQABGAE0AVQBgAGcAagBsAG4AcQBzAHUAdwCEAI4ApgCrALMCywLNAtIC3QLmAvQC+AL/AwgDDQMaAx0DLwMyAzcAAAAAAAACAQAAAAAAAAAoAAAAAAAAAAAAAAAAAAADOQ==}}

@article{battiston2016complexity,
	Author = {Battiston, Stefano and Farmer, J Doyne and Flache, Andreas and Garlaschelli, Diego and Haldane, Andrew G and Heesterbeek, Hans and Hommes, Cars and Jaeger, Carlo and May, Robert and Scheffer, Marten},
	Date-Added = {2016-03-14 17:48:56 +0000},
	Date-Modified = {2016-03-14 17:48:56 +0000},
	Journal = {Science},
	Number = {6275},
	Pages = {818--819},
	Publisher = {American Association for the Advancement of Science},
	Title = {Complexity theory and financial regulation},
	Volume = {351},
	Year = {2016},
	Bdsk-File-1 = {YnBsaXN0MDDUAQIDBAUGJCVYJHZlcnNpb25YJG9iamVjdHNZJGFyY2hpdmVyVCR0b3ASAAGGoKgHCBMUFRYaIVUkbnVsbNMJCgsMDxJXTlMua2V5c1pOUy5vYmplY3RzViRjbGFzc6INDoACgAOiEBGABIAFgAdccmVsYXRpdmVQYXRoWWFsaWFzRGF0YV8QEURvY3MvODE4LmZ1bGwucGRm0hcLGBlXTlMuZGF0YU8RAgQAAAAAAgQAAgAADE1hY2ludG9zaCBIRAAAAAAAAAAAAAAAAAAAAMpBBgxIKwAABCfOdAw4MTguZnVsbC5wZGYAAAAAAAAAAAAAAAAAAAAAAAAAAAAAAAAAAAAAAAAAAAAAAAAAAAAAAAAAAAAAAAAAAAAEF7C50vCiugAAAAAAAAAAAAEAAwAACSAAAAAAAAAAAAAAAAAAAAAERG9jcwAQAAgAAMpA6ewAAAARAAgAANLwlKoAAAABACAEJ850BCfObQOxvfkAqZh6AJDCKQAFAhUABQIUAAC+7AACAHVNYWNpbnRvc2ggSEQ6VXNlcnM6AEp1c3RlOgBEb2N1bWVudHM6AENvbXBsZXhTeXN0ZW1zOgBCaWJsaW86AERvbWFpblNwZWNpZmljOgBRdWFudGl0YXRpdmVGaW5hbmNlOgBEb2NzOgA4MTguZnVsbC5wZGYAAA4AGgAMADgAMQA4AC4AZgB1AGwAbAAuAHAAZABmAA8AGgAMAE0AYQBjAGkAbgB0AG8AcwBoACAASABEABIAYFVzZXJzL0p1c3RlL0RvY3VtZW50cy9Db21wbGV4U3lzdGVtcy9CaWJsaW8vRG9tYWluU3BlY2lmaWMvUXVhbnRpdGF0aXZlRmluYW5jZS9Eb2NzLzgxOC5mdWxsLnBkZgATAAEvAAAVAAIADP//AACABtIbHB0eWiRjbGFzc25hbWVYJGNsYXNzZXNdTlNNdXRhYmxlRGF0YaMdHyBWTlNEYXRhWE5TT2JqZWN00hscIiNcTlNEaWN0aW9uYXJ5oiIgXxAPTlNLZXllZEFyY2hpdmVy0SYnVHJvb3SAAQAIABEAGgAjAC0AMgA3AEAARgBNAFUAYABnAGoAbABuAHEAcwB1AHcAhACOAKIApwCvArcCuQK+AskC0gLgAuQC6wL0AvkDBgMJAxsDHgMjAAAAAAAAAgEAAAAAAAAAKAAAAAAAAAAAAAAAAAAAAyU=}}

@article{tan2015volatilities,
	Author = {Tan, Lei and Zheng, Bo and Chen, Jun-Jie and Jiang, Xiong-Fei},
	Date-Added = {2016-03-14 14:13:18 +0000},
	Date-Modified = {2016-03-14 14:13:18 +0000},
	Journal = {PloS one},
	Number = {2},
	Pages = {e0118399},
	Publisher = {Public Library of Science},
	Title = {How volatilities nonlocal in time affect the price dynamics in complex financial systems},
	Volume = {10},
	Year = {2015},
	Bdsk-File-1 = {YnBsaXN0MDDUAQIDBAUGJCVYJHZlcnNpb25YJG9iamVjdHNZJGFyY2hpdmVyVCR0b3ASAAGGoKgHCBMUFRYaIVUkbnVsbNMJCgsMDxJXTlMua2V5c1pOUy5vYmplY3RzViRjbGFzc6INDoACgAOiEBGABIAFgAdccmVsYXRpdmVQYXRoWWFsaWFzRGF0YV8QHURvY3Mvam91cm5hbC5wb25lLjAxMTgzOTkucGRm0hcLGBlXTlMuZGF0YU8RAjQAAAAAAjQAAgAADE1hY2ludG9zaCBIRAAAAAAAAAAAAAAAAAAAAMpBBgxIKwAABCfOdBhqb3VybmFsLnBvbmUuMDExODM5OS5wZGYAAAAAAAAAAAAAAAAAAAAAAAAAAAAAAAAAAAAAAAAAAAAAAAAAAAADcB+J0krCWQAAAAAAAAAAAAEAAwAACSAAAAAAAAAAAAAAAAAAAAAERG9jcwAQAAgAAMpA6ewAAAARAAgAANJKpjkAAAABACAEJ850BCfObQOxvfkAqZh6AJDCKQAFAhUABQIUAAC+7AACAIFNYWNpbnRvc2ggSEQ6VXNlcnM6AEp1c3RlOgBEb2N1bWVudHM6AENvbXBsZXhTeXN0ZW1zOgBCaWJsaW86AERvbWFpblNwZWNpZmljOgBRdWFudGl0YXRpdmVGaW5hbmNlOgBEb2NzOgBqb3VybmFsLnBvbmUuMDExODM5OS5wZGYAAA4AMgAYAGoAbwB1AHIAbgBhAGwALgBwAG8AbgBlAC4AMAAxADEAOAAzADkAOQAuAHAAZABmAA8AGgAMAE0AYQBjAGkAbgB0AG8AcwBoACAASABEABIAbFVzZXJzL0p1c3RlL0RvY3VtZW50cy9Db21wbGV4U3lzdGVtcy9CaWJsaW8vRG9tYWluU3BlY2lmaWMvUXVhbnRpdGF0aXZlRmluYW5jZS9Eb2NzL2pvdXJuYWwucG9uZS4wMTE4Mzk5LnBkZgATAAEvAAAVAAIADP//AACABtIbHB0eWiRjbGFzc25hbWVYJGNsYXNzZXNdTlNNdXRhYmxlRGF0YaMdHyBWTlNEYXRhWE5TT2JqZWN00hscIiNcTlNEaWN0aW9uYXJ5oiIgXxAPTlNLZXllZEFyY2hpdmVy0SYnVHJvb3SAAQAIABEAGgAjAC0AMgA3AEAARgBNAFUAYABnAGoAbABuAHEAcwB1AHcAhACOAK4AswC7AvMC9QL6AwUDDgMcAyADJwMwAzUDQgNFA1cDWgNfAAAAAAAAAgEAAAAAAAAAKAAAAAAAAAAAAAAAAAAAA2E=}}

@article{smerlak2015mapping,
	Author = {Smerlak, Matteo and Stoll, Brady and Gupta, Agam and Magdanz, James S},
	Date-Added = {2016-03-14 14:11:54 +0000},
	Date-Modified = {2016-03-14 14:11:54 +0000},
	Journal = {PloS one},
	Number = {7},
	Pages = {e0130948},
	Publisher = {Public Library of Science},
	Title = {Mapping systemic risk: critical degree and failures distribution in financial networks},
	Volume = {10},
	Year = {2015},
	Bdsk-File-1 = {YnBsaXN0MDDUAQIDBAUGJCVYJHZlcnNpb25YJG9iamVjdHNZJGFyY2hpdmVyVCR0b3ASAAGGoKgHCBMUFRYaIVUkbnVsbNMJCgsMDxJXTlMua2V5c1pOUy5vYmplY3RzViRjbGFzc6INDoACgAOiEBGABIAFgAdccmVsYXRpdmVQYXRoWWFsaWFzRGF0YV8QHURvY3Mvam91cm5hbC5wb25lLjAxMzA5NDgucGRm0hcLGBlXTlMuZGF0YU8RAjQAAAAAAjQAAgAADE1hY2ludG9zaCBIRAAAAAAAAAAAAAAAAAAAAMpBBgxIKwAABCfOdBhqb3VybmFsLnBvbmUuMDEzMDk0OC5wZGYAAAAAAAAAAAAAAAAAAAAAAAAAAAAAAAAAAAAAAAAAAAAAAAAAAAADCAak0fOrGAAAAAAAAAAAAAEAAwAACSAAAAAAAAAAAAAAAAAAAAAERG9jcwAQAAgAAMpA6ewAAAARAAgAANHzjvgAAAABACAEJ850BCfObQOxvfkAqZh6AJDCKQAFAhUABQIUAAC+7AACAIFNYWNpbnRvc2ggSEQ6VXNlcnM6AEp1c3RlOgBEb2N1bWVudHM6AENvbXBsZXhTeXN0ZW1zOgBCaWJsaW86AERvbWFpblNwZWNpZmljOgBRdWFudGl0YXRpdmVGaW5hbmNlOgBEb2NzOgBqb3VybmFsLnBvbmUuMDEzMDk0OC5wZGYAAA4AMgAYAGoAbwB1AHIAbgBhAGwALgBwAG8AbgBlAC4AMAAxADMAMAA5ADQAOAAuAHAAZABmAA8AGgAMAE0AYQBjAGkAbgB0AG8AcwBoACAASABEABIAbFVzZXJzL0p1c3RlL0RvY3VtZW50cy9Db21wbGV4U3lzdGVtcy9CaWJsaW8vRG9tYWluU3BlY2lmaWMvUXVhbnRpdGF0aXZlRmluYW5jZS9Eb2NzL2pvdXJuYWwucG9uZS4wMTMwOTQ4LnBkZgATAAEvAAAVAAIADP//AACABtIbHB0eWiRjbGFzc25hbWVYJGNsYXNzZXNdTlNNdXRhYmxlRGF0YaMdHyBWTlNEYXRhWE5TT2JqZWN00hscIiNcTlNEaWN0aW9uYXJ5oiIgXxAPTlNLZXllZEFyY2hpdmVy0SYnVHJvb3SAAQAIABEAGgAjAC0AMgA3AEAARgBNAFUAYABnAGoAbABuAHEAcwB1AHcAhACOAK4AswC7AvMC9QL6AwUDDgMcAyADJwMwAzUDQgNFA1cDWgNfAAAAAAAAAgEAAAAAAAAAKAAAAAAAAAAAAAAAAAAAA2E=}}

@article{tan2016exploring,
	Author = {Tan, Lei and Chen, Jun-Jie and Zheng, Bo and Ouyang, Fang-Yan},
	Date-Added = {2016-03-14 14:05:22 +0000},
	Date-Modified = {2016-03-14 14:05:22 +0000},
	Journal = {PloS one},
	Number = {2},
	Pages = {e0149648},
	Publisher = {Public Library of Science},
	Title = {Exploring Market State and Stock Interactions on the Minute Timescale},
	Volume = {11},
	Year = {2016},
	Bdsk-File-1 = {YnBsaXN0MDDUAQIDBAUGJCVYJHZlcnNpb25YJG9iamVjdHNZJGFyY2hpdmVyVCR0b3ASAAGGoKgHCBMUFRYaIVUkbnVsbNMJCgsMDxJXTlMua2V5c1pOUy5vYmplY3RzViRjbGFzc6INDoACgAOiEBGABIAFgAdccmVsYXRpdmVQYXRoWWFsaWFzRGF0YV8QHURvY3Mvam91cm5hbC5wb25lLjAxNDk2NDguUERG0hcLGBlXTlMuZGF0YU8RAjQAAAAAAjQAAgAADE1hY2ludG9zaCBIRAAAAAAAAAAAAAAAAAAAAMpBBgxIKwAABCfOdBhqb3VybmFsLnBvbmUuMDE0OTY0OC5QREYAAAAAAAAAAAAAAAAAAAAAAAAAAAAAAAAAAAAAAAAAAAAAAAAAAAAEJQA00wYC1QAAAAAAAAAAAAEAAwAACSAAAAAAAAAAAAAAAAAAAAAERG9jcwAQAAgAAMpA6ewAAAARAAgAANMF9MUAAAABACAEJ850BCfObQOxvfkAqZh6AJDCKQAFAhUABQIUAAC+7AACAIFNYWNpbnRvc2ggSEQ6VXNlcnM6AEp1c3RlOgBEb2N1bWVudHM6AENvbXBsZXhTeXN0ZW1zOgBCaWJsaW86AERvbWFpblNwZWNpZmljOgBRdWFudGl0YXRpdmVGaW5hbmNlOgBEb2NzOgBqb3VybmFsLnBvbmUuMDE0OTY0OC5QREYAAA4AMgAYAGoAbwB1AHIAbgBhAGwALgBwAG8AbgBlAC4AMAAxADQAOQA2ADQAOAAuAFAARABGAA8AGgAMAE0AYQBjAGkAbgB0AG8AcwBoACAASABEABIAbFVzZXJzL0p1c3RlL0RvY3VtZW50cy9Db21wbGV4U3lzdGVtcy9CaWJsaW8vRG9tYWluU3BlY2lmaWMvUXVhbnRpdGF0aXZlRmluYW5jZS9Eb2NzL2pvdXJuYWwucG9uZS4wMTQ5NjQ4LlBERgATAAEvAAAVAAIADP//AACABtIbHB0eWiRjbGFzc25hbWVYJGNsYXNzZXNdTlNNdXRhYmxlRGF0YaMdHyBWTlNEYXRhWE5TT2JqZWN00hscIiNcTlNEaWN0aW9uYXJ5oiIgXxAPTlNLZXllZEFyY2hpdmVy0SYnVHJvb3SAAQAIABEAGgAjAC0AMgA3AEAARgBNAFUAYABnAGoAbABuAHEAcwB1AHcAhACOAK4AswC7AvMC9QL6AwUDDgMcAyADJwMwAzUDQgNFA1cDWgNfAAAAAAAAAgEAAAAAAAAAKAAAAAAAAAAAAAAAAAAAA2E=}}

@article{brummitt2015cascades,
	Author = {Brummitt, Charles D and Kobayashi, Teruyoshi},
	Date-Added = {2016-03-14 13:45:33 +0000},
	Date-Modified = {2016-03-14 13:45:33 +0000},
	Journal = {Physical Review E},
	Number = {6},
	Pages = {062813},
	Publisher = {APS},
	Title = {Cascades in multiplex financial networks with debts of different seniority},
	Volume = {91},
	Year = {2015},
	Bdsk-File-1 = {YnBsaXN0MDDUAQIDBAUGJCVYJHZlcnNpb25YJG9iamVjdHNZJGFyY2hpdmVyVCR0b3ASAAGGoKgHCBMUFRYaIVUkbnVsbNMJCgsMDxJXTlMua2V5c1pOUy5vYmplY3RzViRjbGFzc6INDoACgAOiEBGABIAFgAdccmVsYXRpdmVQYXRoWWFsaWFzRGF0YV8QG0RvY3MvUGh5c1JldkUuOTEuMDYyODEzLnBkZtIXCxgZV05TLmRhdGFPEQIsAAAAAAIsAAIAAAxNYWNpbnRvc2ggSEQAAAAAAAAAAAAAAAAAAADKQQYMSCsAAAQnznQWUGh5c1JldkUuOTEuMDYyODEzLnBkZgAAAAAAAAAAAAAAAAAAAAAAAAAAAAAAAAAAAAAAAAAAAAAAAAAAAAAAArHuTdG51u4AAAAAAAAAAAABAAMAAAkgAAAAAAAAAAAAAAAAAAAABERvY3MAEAAIAADKQOnsAAAAEQAIAADRubrOAAAAAQAgBCfOdAQnzm0Dsb35AKmYegCQwikABQIVAAUCFAAAvuwAAgB/TWFjaW50b3NoIEhEOlVzZXJzOgBKdXN0ZToARG9jdW1lbnRzOgBDb21wbGV4U3lzdGVtczoAQmlibGlvOgBEb21haW5TcGVjaWZpYzoAUXVhbnRpdGF0aXZlRmluYW5jZToARG9jczoAUGh5c1JldkUuOTEuMDYyODEzLnBkZgAADgAuABYAUABoAHkAcwBSAGUAdgBFAC4AOQAxAC4AMAA2ADIAOAAxADMALgBwAGQAZgAPABoADABNAGEAYwBpAG4AdABvAHMAaAAgAEgARAASAGpVc2Vycy9KdXN0ZS9Eb2N1bWVudHMvQ29tcGxleFN5c3RlbXMvQmlibGlvL0RvbWFpblNwZWNpZmljL1F1YW50aXRhdGl2ZUZpbmFuY2UvRG9jcy9QaHlzUmV2RS45MS4wNjI4MTMucGRmABMAAS8AABUAAgAM//8AAIAG0hscHR5aJGNsYXNzbmFtZVgkY2xhc3Nlc11OU011dGFibGVEYXRhox0fIFZOU0RhdGFYTlNPYmplY3TSGxwiI1xOU0RpY3Rpb25hcnmiIiBfEA9OU0tleWVkQXJjaGl2ZXLRJidUcm9vdIABAAgAEQAaACMALQAyADcAQABGAE0AVQBgAGcAagBsAG4AcQBzAHUAdwCEAI4ArACxALkC6QLrAvAC+wMEAxIDFgMdAyYDKwM4AzsDTQNQA1UAAAAAAAACAQAAAAAAAAAoAAAAAAAAAAAAAAAAAAADVw==}}

@article{forro2015using,
	Author = {Forr{\'o}, Z and Woodard, R and Sornette, D},
	Date-Added = {2016-03-14 13:44:34 +0000},
	Date-Modified = {2016-03-14 13:44:34 +0000},
	Journal = {Physical Review E},
	Number = {4},
	Pages = {042803},
	Publisher = {APS},
	Title = {Using trading strategies to detect phase transitions in financial markets},
	Volume = {91},
	Year = {2015},
	Bdsk-File-1 = {YnBsaXN0MDDUAQIDBAUGJCVYJHZlcnNpb25YJG9iamVjdHNZJGFyY2hpdmVyVCR0b3ASAAGGoKgHCBMUFRYaIVUkbnVsbNMJCgsMDxJXTlMua2V5c1pOUy5vYmplY3RzViRjbGFzc6INDoACgAOiEBGABIAFgAdccmVsYXRpdmVQYXRoWWFsaWFzRGF0YV8QG0RvY3MvUGh5c1JldkUuOTEuMDQyODAzLnBkZtIXCxgZV05TLmRhdGFPEQIsAAAAAAIsAAIAAAxNYWNpbnRvc2ggSEQAAAAAAAAAAAAAAAAAAADKQQYMSCsAAAQnznQWUGh5c1JldkUuOTEuMDQyODAzLnBkZgAAAAAAAAAAAAAAAAAAAAAAAAAAAAAAAAAAAAAAAAAAAAAAAAAAAAAAAmaN5tFejXkAAAAAAAAAAAABAAMAAAkgAAAAAAAAAAAAAAAAAAAABERvY3MAEAAIAADKQOnsAAAAEQAIAADRXnFZAAAAAQAgBCfOdAQnzm0Dsb35AKmYegCQwikABQIVAAUCFAAAvuwAAgB/TWFjaW50b3NoIEhEOlVzZXJzOgBKdXN0ZToARG9jdW1lbnRzOgBDb21wbGV4U3lzdGVtczoAQmlibGlvOgBEb21haW5TcGVjaWZpYzoAUXVhbnRpdGF0aXZlRmluYW5jZToARG9jczoAUGh5c1JldkUuOTEuMDQyODAzLnBkZgAADgAuABYAUABoAHkAcwBSAGUAdgBFAC4AOQAxAC4AMAA0ADIAOAAwADMALgBwAGQAZgAPABoADABNAGEAYwBpAG4AdABvAHMAaAAgAEgARAASAGpVc2Vycy9KdXN0ZS9Eb2N1bWVudHMvQ29tcGxleFN5c3RlbXMvQmlibGlvL0RvbWFpblNwZWNpZmljL1F1YW50aXRhdGl2ZUZpbmFuY2UvRG9jcy9QaHlzUmV2RS45MS4wNDI4MDMucGRmABMAAS8AABUAAgAM//8AAIAG0hscHR5aJGNsYXNzbmFtZVgkY2xhc3Nlc11OU011dGFibGVEYXRhox0fIFZOU0RhdGFYTlNPYmplY3TSGxwiI1xOU0RpY3Rpb25hcnmiIiBfEA9OU0tleWVkQXJjaGl2ZXLRJidUcm9vdIABAAgAEQAaACMALQAyADcAQABGAE0AVQBgAGcAagBsAG4AcQBzAHUAdwCEAI4ArACxALkC6QLrAvAC+wMEAxIDFgMdAyYDKwM4AzsDTQNQA1UAAAAAAAACAQAAAAAAAAAoAAAAAAAAAAAAAAAAAAADVw==}}
