


@incollection{copus2021urban,
  title={Urban Growth Engines or Relational Proximity?: What Can We Learn From Enterprise Population and Business Demography Indicators in the Context of Rural and Small-Town Scotland?},
  author={Copus, Andrew},
  booktitle={The Routledge Handbook of Small Towns},
  pages={268--282},
  year={2021},
  publisher={Routledge},
  url={https://books.google.fr/books?hl=fr&lr=&id=Ek81EAAAQBAJ&oi=fnd&pg=PA268&ots=IcqwycnPxF&sig=r1jpgqjQq0HqMmgQpAIqjeyWKXM&redir_esc=y#v=onepage&q&f=false}
}



@article{pumainregional,
  title={Regional science: economy and geography in France and French-speaking countries},
  author={Pumain, Denise and Torre, Andr{\'e}},
  journal={Papers in Regional Science},
  publisher={Wiley Online Library},
  file={Biblio/DomainSpecific/RegionalScience/Pumain_et_al-2020-Papers_in_Regional_Science.pdf}
}


@article{dennett2013multilevel,
  title={A multilevel spatial interaction modelling framework for estimating interregional migration in Europe},
  author={Dennett, Adam and Wilson, Alan},
  journal={Environment and Planning A},
  volume={45},
  number={6},
  pages={1491--1507},
  year={2013},
  publisher={SAGE Publications Sage UK: London, England},
  file={Biblio/DomainSpecific/RegionalScience/a45398.pdf}
}



@article{harrison2013configuring,
  title={Configuring the new ‘regional world’: on being caught between territory and networks},
  author={Harrison, John},
  journal={Regional Studies},
  volume={47},
  number={1},
  pages={55--74},
  year={2013},
  publisher={Taylor \& Francis},
  file={Biblio/DomainSpecific/RegionalScience/Configuring_the_New_Regional_World_On_being_Caught_between_Territory_and_Networks.pdf}
}

