


@article{marzialetti2023monitoring,
  title={Monitoring Urban Expansion by Coupling Multi-Temporal Active Remote Sensing and Landscape Analysis: Changes in the Metropolitan Area of Cordoba (Argentina) from 2010 to 2021},
  author={Marzialetti, Flavio and Gamba, Paolo and Sorriso, Antonietta and Carranza, Maria Laura},
  journal={Remote Sensing},
  volume={15},
  number={2},
  pages={336},
  year={2023},
  publisher={Multidisciplinary Digital Publishing Institute},
  file={Biblio/DomainSpecific/RemoteSensing/remotesensing-15-00336.pdf}
}



@article{zhang2019joint,
  title={Joint Deep Learning for land cover and land use classification},
  author={Zhang, Ce and Sargent, Isabel and Pan, Xin and Li, Huapeng and Gardiner, Andy and Hare, Jonathon and Atkinson, Peter M},
  journal={Remote sensing of environment},
  volume={221},
  pages={173--187},
  year={2019},
  publisher={Elsevier},
  file={Biblio/DomainSpecific/RemoteSensing/1-s2.0-S0034425718305236-main.pdf}
}


@article{zhang2018object,
  title={An object-based convolutional neural network (OCNN) for urban land use classification},
  author={Zhang, Ce and Sargent, Isabel and Pan, Xin and Li, Huapeng and Gardiner, Andy and Hare, Jonathon and Atkinson, Peter M},
  journal={Remote sensing of environment},
  volume={216},
  pages={57--70},
  year={2018},
  publisher={Elsevier},
  file={Biblio/DomainSpecific/RemoteSensing/1-s2.0-S0034425718303122-main.pdf}
}

