


@misc{kriegman2021scale,
      title={Scale invariant robot behavior with fractals}, 
      author={Sam Kriegman and Amir Mohammadi Nasab and Douglas Blackiston and Hannah Steele and Michael Levin and Rebecca Kramer-Bottiglio and Josh Bongard},
      year={2021},
      eprint={2103.04876},
      archivePrefix={arXiv},
      primaryClass={cs.RO},
      file={Biblio/DomainSpecific/Robotics/2103.04876.pdf}
}


@article{thepsoonthorn2018relationship,
	Author = {Thepsoonthorn, Chidchanok and Ogawa, Ken-ichiro and Miyake, Yoshihiro},
	Journal = {Scientific Reports},
	Number = {1},
	Pages = {8435},
	Title = {The Relationship between Robot's Nonverbal Behaviour and Human's Likability Based on Human's Personality},
	Volume = {8},
	Year = {2018},
	file={Biblio/DomainSpecific/Robotics/s41598-018-25314-x.pdf}
}


