

@article{lewis2021science,
title={Science agency on trial following deadly White Island volcano eruption},
author={Lewis, D.},
journal={Nature},
volume={598},
pages={243-244},
year={2021},
doi={10.1038/d41586-021-02658-5},
file={Biblio/DomainSpecific/SciencePolicy/d41586-021-02658-5.pdf}
}


@article{benedictus2016fewer,
  title={Fewer numbers, better science},
  author={Benedictus, Rinze and Miedema, Frank and Ferguson, Mark WJ},
  journal={Nature News},
  volume={538},
  number={7626},
  pages={453},
  year={2016},
  file={Biblio/DomainSpecific/SciencePolicy/538453a.pdf}
}

