


@inproceedings{ramberg1991designing,
  title={Designing simulation experiments: Taguchi methods and response surface metamodels},
  author={Ramberg, John S and Sanchez, Susan M and Sanchez, Paul J and Hollick, Ludwig J},
  booktitle={1991 Winter Simulation Conference Proceedings.},
  pages={167--176},
  year={1991},
  organization={IEEE},
  file={Biblio/DomainSpecific/SensitivityAnalysis/p167-ramberg.pdf}
}



@article{morris1991factorial,
  title={Factorial sampling plans for preliminary computational experiments},
  author={Morris, Max D},
  journal={Technometrics},
  volume={33},
  number={2},
  pages={161--174},
  year={1991},
  publisher={Taylor \& Francis Group},
  file={Biblio/DomainSpecific/SensitivityAnalysis/morris1991.pdf}
}


@article{campolongo2011screening,
  title={From screening to quantitative sensitivity analysis. A unified approach},
  author={Campolongo, Francesca and Saltelli, Andrea and Cariboni, Jessica},
  journal={Computer Physics Communications},
  volume={182},
  number={4},
  pages={978--988},
  year={2011},
  publisher={Elsevier},
  file={Biblio/DomainSpecific/SensitivityAnalysis/Screening_CPC_2011.pdf}
}


@article{saltelli2010variance,
  title={Variance based sensitivity analysis of model output. Design and estimator for the total sensitivity index},
  author={Saltelli, Andrea and Annoni, Paola and Azzini, Ivano and Campolongo, Francesca and Ratto, Marco and Tarantola, Stefano},
  journal={Computer Physics Communications},
  volume={181},
  number={2},
  pages={259--270},
  year={2010},
  publisher={Elsevier},
  file={Biblio/DomainSpecific/SensitivityAnalysis/saltelli2010.pdf}
}


