



@article{moreno2021introducing,
author={Moreno, C. and Allam, Z. and Chabaud, D. and Gall, C. and Pratlong, F.},
title={Introducing the "15-Minute City": Sustainability, Resilience and Place Identity in Future Post-Pandemic Cities},
journal={Smart Cities},
year={2021},
volume={4},
pages={93-111},
url={https://www.mdpi.com/2624-6511/4/1/6#},
file={Biblio/DomainSpecific/SmartCities/smartcities-04-00006.pdf}
}



@book{inkinen2020smart,
  title={Smart Cities and Innovative Urban Technologies},
  author={Inkinen, Tommi and Yigitcanlar, Tan and Wilson, Mark},
  year={2020},
  publisher={Routledge},
  file={Biblio/DomainSpecific/SmartCities/Smart%20Cities%20and%20Innovative%20Urban%20Technologies.pdf}
}



@article{komninos2019smart,
  title={Smart city planning from an evolutionary perspective},
  author={Komninos, N and Kakderi, C and Panori, Anastasia and Tsarchopoulos, P},
  journal={Journal of Urban Technology},
  volume={26},
  number={2},
  pages={3--20},
  year={2019},
  publisher={Taylor \& Francis},
  file={Biblio/DomainSpecific/SmartCities/Smart%20City%20Planning%20from%20an%20Evolutionary%20Perspective.pdf}
}


@inbook{batty2020defining,
  author={Batty, M.},
  title={Defining smart cities},
  booktitle={The Routledge Companion to Smart Cities},
  editor={Willis, Katharine S and Aurigi, Alessandro},
  year={2020},
  publisher={Routledge},
  url={https://books.google.fr/books?hl=fr&lr=&id=a1LZDwAAQBAJ}
}

