


@misc{jusup2021social,
      title={Social physics}, 
      author={Marko Jusup and Petter Holme and Kiyoshi Kanazawa and Misako Takayasu and Ivan Romic and Zhen Wang and Suncana Gecek and Tomislav Lipic and Boris Podobnik and Lin Wang and Wei Luo and Tin Klanjscek and Jingfang Fan and Stefano Boccaletti and Matjaz Perc},
      year={2021},
      eprint={2110.01866},
      archivePrefix={arXiv},
      primaryClass={physics.soc-ph},
      file={Biblio/DomainSpecific/Sociophysics/2110.01866.pdf}
}




@misc{wang2020free,
    title={Free utility model for explaining the social gravity law},
    author={Hao Wang and Xiao-Yong Yan and Jinshan Wu},
    year={2020},
    eprint={2009.07984},
    archivePrefix={arXiv},
    primaryClass={physics.soc-ph},
    file={Biblio/DomainSpecific/Sociophysics/2009.07984.pdf}
}



@misc{ortega2020roughness,
    title={Roughness and avalanches in an extended Schelling model: an explanation of urban gentrification},
    author={Diego Ortega and Javier Rodr√≠guez-Laguna and Elka Korutcheva},
    year={2020},
    eprint={2007.10767},
    archivePrefix={arXiv},
    primaryClass={physics.soc-ph},
    file={Biblio/file={Biblio/DomainSpecific/Sociophysics//2007.10767.pdf}
}




@article{Lemoy_2011,
	doi = {10.1209/0295-5075/93/38002},
	url = {https://doi.org/10.1209%2F0295-5075%2F93%2F38002},
	year = 2011,
	month = {feb},
	publisher = {{IOP} Publishing},
	volume = {93},
	number = {3},
	pages = {38002},
	author = {R{\'{e}}mi Lemoy and Eric Bertin and Pablo Jensen},
	title = {Socio-economic utility and chemical potential},
	journal = {{EPL} (Europhysics Letters)},
	abstract = {In statistical physics, the conservation of particle number results in the equalization of the chemical potential throughout a system at equilibrium. In contrast, the homogeneity of utility in socio-economic models is usually thought to rely on the competition between individuals, leading to Nash equilibrium. We show that both views can be reconciled by introducing a notion of chemical potential in a wide class of socio-economic models, and by relating it in a direct way to the equilibrium value of the utility. This approach also allows the dependence of utility across the system to be determined when agents take decisions in a probabilistic way. Numerical simulations of a urban economic model also suggest that our result is valid beyond the initially considered class of solvable models.},
	file={Biblio/DomainSpecific/Sociophysics/lemoy2011.pdf}
}


@ARTICLE{2009RvMP...81..591C,
       author = {{Castellano}, Claudio and {Fortunato}, Santo and {Loreto}, Vittorio},
        title = "{Statistical physics of social dynamics}",
      journal = {Reviews of Modern Physics},
     keywords = {05.10.-a, 89.20.-a, 89.75.-k, Computational methods in statistical physics and nonlinear dynamics, Interdisciplinary applications of physics, Complex systems, Physics - Physics and Society, Condensed Matter - Statistical Mechanics, Physics - Computational Physics},
         year = 2009,
        month = Apr,
       volume = {81},
        pages = {591-646},
          doi = {10.1103/RevModPhys.81.591},
archivePrefix = {arXiv},
       eprint = {0710.3256},
 primaryClass = {physics.soc-ph},
       adsurl = {https://ui.adsabs.harvard.edu/\#abs/2009RvMP...81..591C},
      adsnote = {Provided by the SAO/NASA Astrophysics Data System},
	file={Biblio/DomainSpecific/Sociophysics/0710.3256.pdf}
}





@ARTICLE{2019arXiv190104189B,
       author = {{Bertin}, Eric and {Jensen}, Pablo},
        title = "{In social complex systems, the whole can be more or less than (the sum of) the parts}",
      journal = {arXiv e-prints},
     keywords = {Physics - Physics and Society},
         year = 2019,
        month = Jan,
          eid = {arXiv:1901.04189},
        pages = {arXiv:1901.04189},
archivePrefix = {arXiv},
       eprint = {1901.04189},
 primaryClass = {physics.soc-ph},
       adsurl = {https://ui.adsabs.harvard.edu/\#abs/2019arXiv190104189B},
      adsnote = {Provided by the SAO/NASA Astrophysics Data System},
	file={Biblio/DomainSpecific/Sociophysics/1901.04189.pdf}
}






@book{jensen2018pourquoi,
  title={Pourquoi la soci{\'e}t{\'e} ne se laisse pas mettre en {\'e}quations},
  author={Jensen, Pablo},
  year={2018},
  publisher={Le Seuil}
}





@article{caldarelli2018physics,
  author = {Caldarelli, Guido and Wolf, Sarah and Moreno, Yamir},
  year = {2018},
  title = {Physics of humans, physics for society},
  journal = {Nature Physics},
  publisher = {Nature Publishing Group},
  issn = {1745-2473},
  doi = {10.1038/s41567-018-0266-x},
  volume = {14},
  month = {9},
  pages = {870--870},
  number = {9},
  url = {http:https://doi.org/10.1038/s41567-018-0266-x},
  file = {Docs/Caldarelli_et_al-2018-Nature_Physics.pdf}
}




@ARTICLE{2018arXiv180705100R,
   author = {{Richmond}, P. and {Roehner}, B.~M. and {Wang}, Q.-h.},
    title = "{The physics of large-scale food crises}",
  journal = {ArXiv e-prints},
archivePrefix = "arXiv",
   eprint = {1807.05100},
 primaryClass = "physics.bio-ph",
 keywords = {Physics - Biological Physics, Physics - Physics and Society},
     year = 2018,
    month = jul,
   adsurl = {http://adsabs.harvard.edu/abs/2018arXiv180705100R},
  adsnote = {Provided by the SAO/NASA Astrophysics Data System},
    file = {Docs/1807.05100.pdf}
}





@ARTICLE{2018arXiv180308511N,
   author = {{Notarmuzi}, D. and {Castellano}, C.},
    title = "{Analytical study of quality-biased competition dynamics for memes in social media}",
  journal = {ArXiv e-prints},
archivePrefix = "arXiv",
   eprint = {1803.08511},
 primaryClass = "physics.soc-ph",
 keywords = {Physics - Physics and Society, Condensed Matter - Statistical Mechanics, Computer Science - Social and Information Networks},
     year = 2018,
    month = mar,
   adsurl = {http://adsabs.harvard.edu/abs/2018arXiv180308511N},
  adsnote = {Provided by the SAO/NASA Astrophysics Data System},
  file={Biblio/DomainSpecific/Sociophysics/1803.08511.pdf}
}



