


@article{nowosad2021motif,
  title={Motif: an open-source R tool for pattern-based spatial analysis},
  author={Nowosad, Jakub},
  journal={Landscape Ecology},
  volume={36},
  number={1},
  pages={29--43},
  year={2021},
  publisher={Springer},
  file={Biblio/DomainSpecific/Softwares/Nowosad2021_Article_MotifAnOpen-sourceRToolForPatt.pdf}
}


@article{perkel2021five,
title={Five reasons why researchers should learn to love the command line},
author={Perkel, J.M.},
journal={Nature},
volume={590},
pages={173-174},
year={2021},
doi={10.1038/d41586-021-00263-0},
file={Biblio/DomainSpecific/Softwares/d41586-021-00263-0.pdf},
url={https://www.nature.com/articles/d41586-021-00263-0}
}


@article{perkel2021ten,
title={Ten computer codes that transformed science},
author={Perkel, J.M.},
journal={Nature},
volume={589},
pages={344-348},
year={2021},
doi={10.1038/d41586-021-00075-2},
url={https://www.nature.com/articles/d41586-021-00075-2},
file={Biblio/DomainSpecific/Softwares/d41586-021-00075-2.pdf}
}


@article{giraud2020rtiles,
title={THE MAPTILES PACKAGE},
author={Giraud, T.},
journal={R Géomatique},
year={2020},
url={https://rgeomatic.hypotheses.org/2032}
}


@article{harris2020array,
  title={Array programming with NumPy},
  author={Harris, Charles R and Millman, K Jarrod and van der Walt, St{\'e}fan J and Gommers, Ralf and Virtanen, Pauli and Cournapeau, David and Wieser, Eric and Taylor, Julian and Berg, Sebastian and Smith, Nathaniel J and others},
  journal={Nature},
  volume={585},
  number={7825},
  pages={357--362},
  year={2020},
  publisher={Nature Publishing Group},
  file={Biblio/DomainSpecific/Softwares/s41586-020-2649-2.pdf}
}

@article{railsback2017improving,
  title={Improving execution speed of models implemented in NetLogo},
  author={Railsback, Steven and Ayll{\'o}n, Daniel and Berger, Uta and Grimm, Volker and Lytinen, Steven and Sheppard, Colin and Thiele, Jan},
  journal={Journal of Artificial Societies and Social Simulation},
  volume={20},
  number={1},
  year={2017},
  file={Biblio/DomainSpecific/Softwares/Railsback2017_Netlogo_3.pdf}
}


@article{perkel2019workflow,
title={Workflow systems turn raw data into scientific knowledge},
author={Perkel, J.M.},
journal={Nature},
volume={573},
pages={149-150},
year={2019},
doi={10.1038/d41586-019-02619-z},
file={Biblio/DomainSpecific/Softwares/d41586-019-02619-z.pdf},
url={https://www.nature.com/articles/d41586-019-02619-z}
}


@article{perkel2019julia,
author={Perkel, J.M.},
title={Julia: come for the syntax, stay for the speed},
journal={Nature},
volume={572},
pages={141-142},
year={2019},
url={https://www.nature.com/articles/d41586-019-02310-3},
file={Biblio/DomainSpecific/Softwares/d41586-019-02310-3.pdf},
doi={10.1038/d41586-019-02310-3}
}




@article{nowogrodzki2019how,
title={How to support open-source software and stay sane},
author={Nowogrodzki, A.},
journal={Nature},
year={2019},
volume={571},
pages={133--134},
doi={10.1038/d41586-019-02046-0},
url={https://www.nature.com/articles/d41586-019-02046-0},
file={Biblio/DomainSpecific/Softwares/d41586-019-02046-0.pdf}
}




@article{usher2019software,
  title={A Software Framework for the Integration of Infrastructure Simulation Models},
  author={Usher, Will and Russell, Tom},
  journal={Journal of Open Research Software},
  year={2019},
  publisher={Ubiquity Press},
  url={https://openresearchsoftware.metajnl.com/articles/10.5334/jors.265/}
}



@article{oshan2016primer,
  title={A primer for working with the Spatial Interaction modeling (SpInt) module in the python spatial analysis library (PySAL)},
  author={Oshan, Taylor M},
  journal={Region},
  volume={3},
  number={2},
  pages={R11--R23},
  year={2016},
  file={Biblio/DomainSpecific/Softwares/175-Article%20Text-1103-1-10-20170912.pdf}
}


@ARTICLE{2019arXiv190312180C,
       author = {{Cook}, B. A},
        title = "{ACRONYM: Acronym CReatiON for You and Me}",
      journal = {arXiv e-prints},
     keywords = {Astrophysics - Instrumentation and Methods for Astrophysics},
         year = "2019",
        month = "Mar",
          eid = {arXiv:1903.12180},
        pages = {arXiv:1903.12180},
archivePrefix = {arXiv},
       eprint = {1903.12180},
 primaryClass = {astro-ph.IM},
       adsurl = {https://ui.adsabs.harvard.edu/abs/2019arXiv190312180C},
      adsnote = {Provided by the SAO/NASA Astrophysics Data System},
	file={Biblio/DomainSpecific/Softwares/1903.12180.pdf}
}




@article{wickham2014tidy,
title={Tidy Data},
author={Wickham, H.},
year={2014},
journal={Journal of Statistical Software},
volume={59 (10)},
doi={10.18637/jss.v059.i10},
file={Biblio/DomainSpecific/Softwares/tidy-data.pdf}
}


@book{commenges2014respace,
author={Commenges, H. and  Beauguitte, L. and Buard, E. and Cura, R. and Le Néchet, F. and Le Texier, M. and Rey, S.},
year={2014},
title={R et espace: Traitement de l’information géographique},
publisher={Groupe ElementR, Framabook, Paris},
file={Biblio/DomainSpecific/Softwares/RetEspace_final_20140901.pdf}
}



@article{tashakorhpc,
  title={HPC for ABM using Netlogo},
  author={Tashakor, Ghazal and Luque, Emilio and Suppi, Remo},
  file={Biblio/DomainSpecific/Softwares/JS2017_paper_29.pdf}
}

@book{lovelace2018geocomputation,
  title={Geocomputation with R},
  author={Lovelace, R. and Nowosad, J. and Muenchow, J.},
  year={2018},
  url={https://geocompr.robinlovelace.net/}
}

@book{chang2012r,
  title={R graphics cookbook: practical recipes for visualizing data},
  author={Chang, Winston},
  year={2012},
  publisher={" O'Reilly Media, Inc."}
}


@ARTICLE{2018arXiv180803292G,
   author = {{Gunaratne}, C. and {Garibay}, I.},
    title = "{NL4Py: Agent-Based Modeling in Python with Parallelizable NetLogo Workspaces}",
  journal = {ArXiv e-prints},
archivePrefix = "arXiv",
   eprint = {1808.03292},
 primaryClass = "cs.MA",
 keywords = {Computer Science - Multiagent Systems},
     year = 2018,
    month = aug,
   adsurl = {http://adsabs.harvard.edu/abs/2018arXiv180803292G},
  adsnote = {Provided by the SAO/NASA Astrophysics Data System},
  file={Biblio/DomainSpecific/Softwares/1808.03292.pdf}
}


