




@article{comber2021route,
  title={A route map for successful applications of Geographically Weighted Regression},
  author={Comber, Alexis and Brunsdon, Chris and Charlton, Martin and Dong, Guanpeng and Harris, Richard J and Lu, Binbin and Lu, Yihe and Murakami, Daisuke and Nakaya, Tomoki and Wang, Yunqiang and others},
  journal={Geographical Analysis},
  year={2021},
  publisher={Ohio State University Press},
  file={Biblio/DomainSpecific/SpatialStatistics/Geographical%20Analysis%20-%202022%20-%20Comber%20-%20A%20Route%20Map%20for%20Successful%20Applications%20of%20Geographically%20Weighted%20Regression.pdf}
}



@article{nicoletti2021mutual,
   title={Mutual Information Disentangles Interactions from Changing Environments},
   volume={127},
   ISSN={1079-7114},
   url={http://dx.doi.org/10.1103/PhysRevLett.127.228301},
   DOI={10.1103/physrevlett.127.228301},
   number={22},
   journal={Physical Review Letters},
   publisher={American Physical Society (APS)},
   author={Nicoletti, Giorgio and Busiello, Daniel Maria},
   year={2021},
   month={Nov},
   file={Biblio/DomainSpecific/SpatialStatistics/2107.08985.pdf}
}





@article{feuillet2018massive,
  title={A massive geographically weighted regression model of walking-environment relationships},
  author={Feuillet, Thierry and Commenges, Hadrien and Menai, M and Salze, P and Perchoux, C and Reuillon, R and Kesse-Guyot, Emmanuelle and Enaux, C and Nazare, J-A and Hercberg, S and others},
  journal={Journal of transport geography},
  volume={68},
  pages={118--129},
  year={2018},
  publisher={Elsevier},
  file={Biblio/DomainSpecific/SpatialStatistics/1-s2.0-S0966692317306555-main.pdf}
}


@article{jiang2020bandwidth,
  title={On bandwidth choice for spatial data density estimation},
  author={Jiang, Zhenyu and Ling, Nengxiang and Lu, Zudi and Tj⊘ stheim, Dag and Zhang, Qiang},
  journal={Journal of the Royal Statistical Society: Series B (Statistical Methodology)},
  volume={82},
  number={3},
  pages={817--840},
  year={2020},
  publisher={Wiley Online Library},
  file={Biblio/DomainSpecific/SpatialStatistics/rssb.12367.pdf}
}



@article{ge2019principles,
  title={Principles and methods of scaling geospatial Earth science data},
  author={Ge, Yong and Jin, Yan and Stein, Alfred and Chen, Yuehong and Wang, Jianghao and Wang, Jinfeng and Cheng, Qiuming and Bai, Hexiang and Liu, Mengxiao and Atkinson, Peter M},
  journal={Earth-science reviews},
  volume={197},
  pages={102897},
  year={2019},
  publisher={Elsevier},
  file={Biblio/DomainSpecific/SpatialStatistics/1-s2.0-S0012825219301539-main.pdf}
}



@article{atkinson2000spatial,
  title={Spatial scale problems and geostatistical solutions: a review},
  author={Atkinson, Peter M and Tate, Nicholas J},
  journal={The Professional Geographer},
  volume={52},
  number={4},
  pages={607--623},
  year={2000},
  publisher={Taylor \& Francis},
  file={Biblio/DomainSpecific/SpatialStatistics/Spatial%20Scale%20Problems%20and%20Geostatistical%20Solutions%20A%20Review.pdf}
}



@article{atkinson2019conversation,
  title={A Conversation with Peter Diggle},
  author={Atkinson, Peter M and Mateu, Jorge and others},
  journal={Statistical science},
  volume={34},
  number={3},
  pages={504--521},
  year={2019},
  publisher={Institute of Mathematical Statistics},
  file={Biblio/DomainSpecific/SpatialStatistics/19-STS703.pdf}
}




@ARTICLE{2020arXiv200406070C,
       author = {{Comber}, Alexis and {Brunsdon}, Chris and {Charlton}, Martin and
         {Dong}, Guanpeng and {Harris}, Rich and {Lu}, Binbin and
         {L{\"u}}, Yihe and {Murakami}, Daisuke and {Nakaya}, Tomoki and
         {Wang}, Yunqiang and {Harris}, Paul},
        title = "{The GWR route map: a guide to the informed application of Geographically Weighted Regression}",
      journal = {arXiv e-prints},
     keywords = {Statistics - Methodology},
         year = 2020,
        month = apr,
          eid = {arXiv:2004.06070},
        pages = {arXiv:2004.06070},
archivePrefix = {arXiv},
       eprint = {2004.06070},
 primaryClass = {stat.ME},
       adsurl = {https://ui.adsabs.harvard.edu/abs/2020arXiv200406070C},
      adsnote = {Provided by the SAO/NASA Astrophysics Data System},
	file={Biblio/DomainSpecific/SpatialStatistics/2004.06070.pdf}
}




@article{anselin2003spatial,
  title={Spatial externalities, spatial multipliers, and spatial econometrics},
  author={Anselin, Luc},
  journal={International regional science review},
  volume={26},
  number={2},
  pages={153--166},
  year={2003},
  publisher={Sage Publications},
  file={Biblio/DomainSpecific/SpatialStatistics/Anselin_IRSR_2003.pdf}
}



@article{josselin2004piste,
  title={Une piste pour la recherche de la" valeur centrale optimale". Discussion autour de la robustesse et du comportement de la" m{\'e}dienne", combinaison de normes Lp},
  author={Josselin, Didier},
  journal={Cybergeo: Revue Europ{\'e}enne de G{\'e}ographie},
  number={282},
  pages={1--22},
  year={2004},
  file={Biblio/DomainSpecific/SpatialStatistics/Josselin2003_282.pdf}
}



@article{li2010investigating,
  title={Investigating spatial non-stationary and scale-dependent relationships between urban surface temperature and environmental factors using geographically weighted regression},
  author={Li, Shuangcheng and Zhao, Zhiqiang and Miaomiao, Xie and Wang, Yanglin},
  journal={Environmental Modelling \& Software},
  volume={25},
  number={12},
  pages={1789--1800},
  year={2010},
  publisher={Elsevier},
  file={Biblio/DomainSpecific/SpatialStatistics/li2010.pdf}
}




@article{hallin2004kernel,
  title={Kernel density estimation for spatial processes: the L1 theory},
  author={Hallin, Marc and Lu, Zudi and Tran, Lanh T},
  journal={Journal of Multivariate Analysis},
  volume={88},
  number={1},
  pages={61--75},
  year={2004},
  publisher={Elsevier},
  file={Biblio/DomainSpecific/SpatialStatistics/1-s2.0-S0047259X03000605-main.pdf}
}


@article{rey2006stars,
  title={STARS: space--time analysis of regional systems},
  author={Rey, Sergio J and Janikas, Mark V},
  journal={Geographical analysis},
  volume={38},
  number={1},
  pages={67--86},
  year={2006},
  publisher={Wiley Online Library},
  file={Biblio/DomainSpecific/SpatialStatistics/Rey_et_al-2006-Geographical_Analysis.pdf}
}



@article{cloutier2019environnement,
author={Cloutier, M. and Séguin, R. and Saunier, N.},
title={Environnement routier et blessés cyclistes résultants d’une collision avec un véhicule : quels facteurs de risque dans un milieu régional faiblement densifié ?},
year={2019},
journal={Cybergeo. European Journal of Geography},
abstract={L’importance accordée à la santé, à l’environnement et à la mobilité durable fait du vélo un choix de plus en plus privilégié comme mode de transport. Le cycliste demeure toutefois très vulnérable au moment d’une collision avec un véhicule motorisé, surtout en milieu périurbain et rural, où l’aménagement de la voirie est peu adapté à la pratique du vélo. L’objectif général de l’étude est de documenter les facteurs de risque reliés à l’environnement routier pour les collisions entre un cycliste et un véhicule motorisé dans un milieu dit « régional », moins dense sauf pour sa ville en son centre. Pour analyser les données de collisions, plusieurs méthodes ont été utilisées : l’estimation par noyau (Kernel Density Estimation), les statistiques de balayage de Kulldorff, la régression de Poisson et la régression logistique. Nos résultats montrent que les concentrations spatiales de collisions se situent principalement à proximité d’infrastructures cyclables et aux intersections. Certains facteurs de risque sont reconnus pour expliquer une collision (intersection ; présence d’infrastructures cyclables ; milieu urbain ; artères urbaines) ou la présence d’un blessé (absence d’infrastructures cyclables ; jeunes cyclistes [15 ans et moins] ; l’éclairage). En conclusion, notre étude portant sur les territoires peu denses produit des résultats convergents avec ceux de la littérature existante sur les milieux urbains, mais montre aussi des spécificités.  Les facteurs de risque semblables aux milieux urbains sont les intersections, les artères urbaines et l’âge des victimes ; les facteurs de risque propres aux régions à faible densité de population sont le milieu plus urbain, la présence d’infrastructures cyclables et l’éclairage (nuit).},
url={https://journals.openedition.org/cybergeo/32087}
}


@article{ma2003families,
  title={Families of spatio-temporal stationary covariance models},
  author={Ma, Chunsheng},
  journal={Journal of statistical planning and inference},
  volume={116},
  number={2},
  pages={489--501},
  year={2003},
  publisher={Elsevier},
  file={Biblio/DomainSpecific/SpatialStatistics/ma2003.pdf}
}


@article{costanzo1983higher,
  title={A higher moment for spatial statistics},
  author={Costanzo, C Michael and Hubert, Lawrence J and Golledge, Reginald G},
  journal={Geographical Analysis},
  volume={15},
  number={4},
  pages={347--351},
  year={1983},
  publisher={Wiley Online Library},
  file={Biblio/DomainSpecific/SpatialStatistics/Costanzo_et_al-1983-Geographical_Analysis.pdf}
}


@ARTICLE{2015PLoSO..1026158C,
       author = {{Chen}, Yanguang},
        title = "{A New Methodology of Spatial Cross-Correlation Analysis}",
      journal = {PLoS ONE},
     keywords = {Physics - Physics and Society},
         year = 2015,
        month = May,
       volume = {10},
        pages = {e0126158},
          doi = {10.1371/journal.pone.0126158},
archivePrefix = {arXiv},
       eprint = {1503.02908},
 primaryClass = {physics.soc-ph},
       adsurl = {https://ui.adsabs.harvard.edu/\#abs/2015PLoSO..1026158C},
      adsnote = {Provided by the SAO/NASA Astrophysics Data System},
	file={Biblio/DomainSpecific/SpatialStatistics/1503.02908.pdf}
}




@article{de1990model,
  title={Model-free estimation from spatial samples: a reappraisal of classical sampling theory},
  author={De Gruijter, JJ and Ter Braak, CJF},
  journal={Mathematical geology},
  volume={22},
  number={4},
  pages={407--415},
  year={1990},
  publisher={Springer},
  file={Biblio/DomainSpecific/SpatialStatistics/10.1.1.139.6482.pdf}
}



@article{van2003kriging,
  title={Kriging for interpolation in random simulation},
  author={Van Beers, Wim CM and Kleijnen, Jacobus Petrus Catharinus},
  journal={Journal of the Operational Research Society},
  volume={54},
  number={3},
  pages={255--262},
  year={2003},
  publisher={Taylor \& Francis},
  file={Biblio/DomainSpecific/SpatialStatistics/4101619.pdf}
}


@article{gelfand2005spatial,
  title={Spatial process modelling for univariate and multivariate dynamic spatial data},
  author={Gelfand, Alan E and Banerjee, Sudipto and Gamerman, Dani},
  journal={Environmetrics: The official journal of the International Environmetrics Society},
  volume={16},
  number={5},
  pages={465--479},
  year={2005},
  publisher={Wiley Online Library},
  file={Biblio/DomainSpecific/SpatialStatistics/gelfand2005.pdf}
}


