



@article{reggiani2021complexity,
  title={Complexity and Spatial Networks},
  author={Reggiani, Aura},
  journal={Handbook of Regional Science},
  pages={325--347},
  year={2021},
  publisher={Springer},
  file={Biblio/DomainSpecific/SpatialNetworks/Reggiani2021_ComplexityandSpatialNetworks.pdf}
}




@techreport{el2021road,
  title={Road Network Analysis Based on Geo-Historical Data},
  author={El Gouj, Hanae and Lagesse, Claire},
  year={2021},
  institution={EasyChair},
  file={Biblio/DomainSpecific/SpatialNetworks/EasyChair-Preprint-5453.pdf}
}


@article{natera2020data,
  title={Data-driven strategies for optimal bicycle network growth},
  author={Natera Orozco, Luis Guillermo and Battiston, Federico and I{\~n}iguez, Gerardo and Szell, Michael},
  journal={Royal Society Open Science},
  volume={7},
  number={12},
  pages={201130},
  year={2020},
  publisher={The Royal Society},
  file={Biblio/DomainSpecific/SpatialNetworks/rsos.201130.pdf}
}



@article{kirkley2018betweenness,
  title={From the betweenness centrality in street networks to structural invariants in random planar graphs},
  author={Kirkley, Alec and Barbosa, Hugo and Barthelemy, Marc and Ghoshal, Gourab},
  journal={Nature communications},
  volume={9},
  number={1},
  pages={2501},
  year={2018},
  publisher={Nature Publishing Group},
  file={Biblio/DomainSpecific/SpatialNetworks/1709.05718.pdf}
}


@ARTICLE{2019arXiv190604314K,
       author = {{Kartun-Giles}, Alexander P. and {Barthelemy}, Marc and
         {Dettmann}, Carl P.},
        title = "{The shape of shortest paths in random spatial networks}",
      journal = {arXiv e-prints},
     keywords = {Condensed Matter - Statistical Mechanics, Condensed Matter - Disordered Systems and Neural Networks, Mathematics - Probability, Physics - Physics and Society},
         year = "2019",
        month = "Jun",
          eid = {arXiv:1906.04314},
        pages = {arXiv:1906.04314},
archivePrefix = {arXiv},
       eprint = {1906.04314},
 primaryClass = {cond-mat.stat-mech},
       adsurl = {https://ui.adsabs.harvard.edu/abs/2019arXiv190604314K},
      adsnote = {Provided by the SAO/NASA Astrophysics Data System},
	file={Biblio/DomainSpecific/SpatialNetworks/1906.04314.pdf}
}




@ARTICLE{2018arXiv181008764B,
   author = {{Barthelemy}, M.},
    title = "{Transitions in spatial networks}",
  journal = {ArXiv e-prints},
archivePrefix = "arXiv",
   eprint = {1810.08764},
 primaryClass = "cond-mat.stat-mech",
 keywords = {Condensed Matter - Statistical Mechanics, Condensed Matter - Disordered Systems and Neural Networks, Physics - Physics and Society},
     year = 2018,
    month = oct,
   adsurl = {http://adsabs.harvard.edu/abs/2018arXiv181008764B},
  adsnote = {Provided by the SAO/NASA Astrophysics Data System},
  file={Biblio/DomainSpecific/SpatialNetworks/1810.08764.pdf}
}

