



@article{chakrabortyadvancing,
  title={Advancing accelerated testing protocols for safe and reliable deployment of connected and automated vehicles through iterative deployment in physical and digital worlds},
  author={Chakraborty, Subhadeep and Khattak, Asad J and Cummings, Mary},
  year={2020},
  journal={Collaborative Sciences Center for Road Safety},
  file={Biblio/DomainSpecific/SyntheticData/CSCRS_R27_final.pdf}
}


@article{templ2017simulation,
  title={Simulation of synthetic complex data: The R package simPop},
  author={Templ, Matthias and Meindl, Bernhard and Kowarik, Alexander and Dupriez, Olivier},
  journal={Journal of Statistical Software},
  volume={79},
  number={10},
  pages={1--38},
  year={2017},
  publisher={UCLA, Dept. of Statistics},
  file={Biblio/DomainSpecific/SyntheticData/2017_Templ_Simulation_of_synthetic_complex_data_R_package_simPop.pdf}
}


@article{robin1993cross,
  title={Cross-correlated random field generation with the direct Fourier transform method},
  author={Robin, MJL and Gutjahr, AL and Sudicky, EA and Wilson, JL},
  journal={Water Resources Research},
  volume={29},
  number={7},
  pages={2385--2397},
  year={1993},
  publisher={Wiley Online Library},
  file={Biblio/DomainSpecific/SyntheticData/93WR00386.pdf}
}



@article{chapuis2018gen,
	  title={Gen*: a generic toolkit to generate spatially explicit synthetic populations},
	    author={Chapuis, Kevin and Taillandier, Patrick and Renaud, Misslin and Drogoul, Alexis},
	      journal={International Journal of Geographical Information Science},
	        pages={1--17},
		  year={2018},
		    publisher={Taylor \& Francis},
		    file={Biblio/DomainSpecific/SyntheticData/Gen_a_generic_toolkit_to_generate_spatially_explicit_synthetic_populations.pdf}
}



