

@inproceedings{kampmann1996feedback,
  title={Feedback loop gains and system behavior},
  author={Kampmann, Christian Erik},
  booktitle={Proceedings of the 1996 International System Dynamics Conference},
  volume={1},
  pages={260--263},
  year={1996},
  organization={Citeseer},
  file={Biblio/DomainSpecific/SystemDynamics/System%20Dynamics%20Review%20-%202012%20-%20Kampmann%20-%20Feedback%20loop%20gains%20and%20system%20behavior%20%201996.pdf}
}

