


@article{ke2018comparing,
  title={Comparing scientific and technological impact of biomedical research},
  author={Ke, Qing},
  journal={Journal of Informetrics},
  volume={12},
  number={3},
  pages={706--717},
  year={2018},
  publisher={Elsevier},
  file={Biblio/DomainSpecific/TechnologicalEvolution/1804.04105.pdf}
}



@article{arthur2006evolution,
  title={The evolution of technology within a simple computer model},
  author={Arthur, W Brian and Polak, Wolfgang},
  journal={Complexity},
  volume={11},
  number={5},
  pages={23--31},
  year={2006},
  publisher={Wiley Online Library},
  file={Docs/cplx.20130.pdf}
}


@article{burger2018modelling,
  title={Modelling humanity’s predicament},
  author={Burger, Joseph Robert},
  journal={Nature Sustainability},
  volume={1},
  number={1},
  pages={15},
  year={2018},
  publisher={Nature Publishing Group},
  file={Docs/s41893-017-0010-z.pdf}
}



@article{abood2018automated,
  title={Automated patent landscaping},
  author={Abood, Aaron and Feltenberger, Dave},
  journal={Artificial Intelligence and Law},
  pages={1--23},
  year={2018},
  publisher={Springer},
  file={Docs/AutomatedPatentLandscaping_2018Update.pdf}
}


@article{park2016quantitative,
  title={Quantitative identification of technological discontinuities using simulation modeling},
  author={Park, Hyunseok and Magee, Christopher L},
  journal={arXiv preprint arXiv:1609.03806},
  year={2016},
  file={Docs/1609.03806.pdf}
}


@inproceedings{rattinger2018semantic,
  title={Semantic and Topological Patent Graphs: Analysis of Retrieval and Community Structure},
  author={Rattinger, Andr{\'e} and Le Goff, Jean-Marie and Meersman, Robert and Guetl, Christian},
  booktitle={2018 Fifth International Conference on Social Networks Analysis, Management and Security (SNAMS)},
  pages={51--58},
  year={2018},
  organization={IEEE},
  file={Docs/10.1109@SNAMS.2018.8554761.pdf}
}


@article{hassan2018linked,
	Author = {Hassan, Mofeed M. and Zaveri, Amrapali and Lehmann, Jens},
	Journal = {Scientific Data},
	Month = {12},
	Pages = {180279 EP  -},
	Title = {A linked open data representation of patents registered in the US from 2005--2017},
	Volume = {5},
	Year = {2018},
	file={Docs/sdata2018279.pdf}
}




@article{bernstein2018contribution,
  title={The Contribution of High-Skilled Immigrants to Innovation in the United States},
  author={Bernstein, S. and Diamond, R. and McQuade, T. and Pousada, B.},
  year={2018},
  file={Docs/bdmp_oct2018.pdf}
}


@article{oh2018radio,
  title={Radio “Fences” and Inventor Attention to Property Rights: Evidence from Wireless Patents},
  author={Oh, Sarah},
  journal={Review of Industrial Organization},
  pages={1--36},
  year={2018},
  publisher={Springer},
  file={Docs/10.1007@s11151-018-9665-5.pdf}
}


@article{geels2005processes,
  title={Processes and patterns in transitions and system innovations: refining the co-evolutionary multi-level perspective},
  author={Geels, Frank W},
  journal={Technological forecasting and social change},
  volume={72},
  number={6},
  pages={681--696},
  year={2005},
  publisher={Elsevier},
  file={Docs/geels2005.pdf}
}

