


@article{liu2022transit,
  title={Transit-oriented development with urban sprawl? Four phases of urban growth and policy intervention in Tokyo},
  author={Liu, Yudi and Nath, Nabamita and Murayama, Akito and Manabe, Rikutaro},
  journal={Land Use Policy},
  volume={112},
  pages={105854},
  year={2022},
  publisher={Elsevier},
  file={Biblio/DomainSpecific/TransitOrientedDevelopment/1-s2.0-S0264837721005779-main.pdf}
}

