


@article{bassolas2019hierarchical,
	Author = {Bassolas, Aleix and Barbosa-Filho, Hugo and Dickinson, Brian and Dotiwalla, Xerxes and Eastham, Paul and Gallotti, Riccardo and Ghoshal, Gourab and Gipson, Bryant and Hazarie, Surendra A. and Kautz, Henry and Kucuktunc, Onur and Lieber, Allison and Sadilek, Adam and Ramasco, Jos{\'e}J.},
	Journal = {Nature Communications},
	Number = {1},
	Pages = {4817},
	Title = {Hierarchical organization of urban mobility and its connection with city livability},
	Volume = {10},
	Year = {2019},
	file={Biblio/DomainSpecific/UrbanMobility/s41467-019-12809-y.pdf}
}



@article{goodchild1984city,
  title={The city around the clock: Spaceâ€”time patterns of urban ecological structure},
  author={Goodchild, Michael F and Janelle, Donald G},
  journal={Environment and Planning A},
  volume={16},
  number={6},
  pages={807--820},
  year={1984},
  publisher={SAGE Publications Sage UK: London, England},
  file={Biblio/DomainSpecific/UrbanMobility/goodchild1984.pdf}
}


@article{le2017social,
  title={Social segregation around the clock in the Paris region (France)},
  author={Le Roux, Guillaume and Vall{\'e}e, Julie and Commenges, Hadrien},
  journal={Journal of Transport Geography},
  volume={59},
  pages={134--145},
  year={2017},
  publisher={Elsevier},
  file={Biblio/DomainSpecific/UrbanMobility/leroux2017.pdf}
}

