

@misc{silver_fox_adler_2020,
 title={Towards a model of urban evolution I: context},
 url={osf.io/preprints/socarxiv/yubkr},
 DOI={10.31235/osf.io/yubkr},
 publisher={SocArXiv},
 author={Silver, Daniel and Fox, Mark and Adler, Patrick},
 year={2020},
 month={Oct},
 file={Biblio/DomainSpecific/UrbanEvolution/Towards%20a%20Model%20of%20Urban%20Evolution%20Part%20I.pdf}
}


