



@incollection{mondalkhushwant,
  title={Khushwant Singh's Delhi: A multi-layered projection of an anthropomorphised city},
  author={Mondal, Sarani Ghosal},
  booktitle={The City Speaks},
  pages={28--37},
  publisher={Routledge India},
  url={https://www.taylorfrancis.com/chapters/edit/10.4324/9781003323761-4/khushwant-singh-delhi-sarani-ghosal-mondal}
}





@article{doi:10.1177/23998083221078077,
author = {Michael Batty},
title ={Mumford’s recurring challenge: What is a city?},
journal = {Environment and Planning B: Urban Analytics and City Science},
volume = {0},
number = {0},
pages = {23998083221078077},
year = {0},
doi = {10.1177/23998083221078077},

URL = {
        https://doi.org/10.1177/23998083221078077

},
eprint = {
        https://doi.org/10.1177/23998083221078077

},
	file={Biblio/DomainSpecific/UrbanDesign/23998083221078077.pdf}

}




@article{constantinides2021imagine,
  title={Imagine a Walkable City: Physical activity and urban imageability across 19 major cities},
  author={Constantinides, Marios and Joglekar, Sagar and {\v{S}}{\'c}epanovi{\'c}, Sanja and Quercia, Daniele},
  journal={EPJ Data Science},
  volume={10},
  number={1},
  pages={56},
  year={2021},
  publisher={Springer Berlin Heidelberg},
  file={Biblio/DomainSpecific/UrbanDesign/Constantinides2021_Article_ImagineAWalkableCityPhysicalAc.pdf}
}



@article{maupu2017mieux,
  title={Mieux agencer les lieux et les circulations pour lutter contre le r{\'e}chauffement climatique: avec les principes de la ville creuse?},
  author={Maupu, Jean-Louis and Stransky, Vaclav},
  journal={Norois. Environnement, am{\'e}nagement, soci{\'e}t{\'e}},
  number={245},
  pages={75--88},
  year={2017},
  publisher={Presses universitaires de Rennes},
  doi={10.4000/norois.6239},
  url={https://journals.openedition.org/norois/6239}
}





@article{doi:10.1177/23998083211043601,

title ={The unpredictability of the digital revolution},
journal = {Environment and Planning B: Urban Analytics and City Science},
volume = {48},
number = {7},
pages = {1749-1752},
year = {2021},
doi = {10.1177/23998083211043601},

URL = { 
        https://doi.org/10.1177/23998083211043601
    
},
eprint = { 
        https://doi.org/10.1177/23998083211043601
    
},
file={Biblio/DomainSpecific/UrbanDesign/23998083211043601.pdf}

}





@article{bolleter2021using,
  title={Using suitability analysis, informed by Co-Design, to assess contextually appropriate urban growth models in Gulu, Uganda},
  author={Bolleter, Julian and Vokes, Richard and Duckworth, Anthony and Oliver, Grace and McBurney, Tony and Hooper, Paula},
  journal={Journal of Urban Design},
  pages={1--25},
  year={2021},
  publisher={Taylor \& Francis},
  file={Biblio/DomainSpecific/UrbanDesign/Using%20suitability%20analysis%20informed%20by%20Co%20Design%20to%20assess%20contextually%20appropriate%20urban%20growth%20models%20in%20Gulu%20Uganda.pdf}
}




@article{luca2021preferring,
  title={Preferring or Needing Cities?(Evolutionary) psychology, utility and life satisfaction of urban living},
  author={Luca, SD},
  journal={City, Culture and Society},
  pages={100375},
  year={2021},
  publisher={Elsevier},
  file={Biblio/DomainSpecific/UrbanDesign/1-s2.0-S1877916621000059-main.pdf}
}




@misc{batty2021planning,
  title={Planning education in the digital age},
  author={Batty, Michael},
  year={2021},
  publisher={SAGE Publications Sage UK: London, England},
  file={Biblio/DomainSpecific/UrbanDesign/2399808321994936.pdf}
}






@article{doi:10.1177/2399808321989131,
author = {Michael Batty},
title ={Science and design in the age of COVID-19},
journal = {Environment and Planning B: Urban Analytics and City Science},
volume = {48},
number = {1},
pages = {3-8},
year = {2021},
doi = {10.1177/2399808321989131},

URL = { 
        https://doi.org/10.1177/2399808321989131
    
},
eprint = { 
        https://doi.org/10.1177/2399808321989131
    
},
file={Biblio/DomainSpecific/UrbanDesign/2399808321989131.pdf}

}






@article{batty202015,
  title={15. Complexity in design: optimal location through spatial averaging},
  author={Batty, Michael},
  journal={Handbook on Planning and Complexity},
  pages={302},
  year={2020},
  publisher={Edward Elgar Publishing},
  url={https://books.google.fr/books?hl=fr&lr=&id=0SXsDwAAQBAJ&oi=fnd&pg=PA302&ots=uRyAVWSyIY&sig=Gu3PmvNmjYmubBDLPX99i4V8LJo#v=onepage&q&f=false}
}




@article{doi:10.1177/2399808320926912,
author = {Michael Batty},
title ={The Coronavirus crisis: What will the post-pandemic city look like?},
journal = {Environment and Planning B: Urban Analytics and City Science},
volume = {47},
number = {4},
pages = {547-552},
year = {2020},
doi = {10.1177/2399808320926912},

URL = { 
        https://doi.org/10.1177/2399808320926912
    
},
eprint = { 
        https://doi.org/10.1177/2399808320926912
    
},
file={MobilityEpidemio/The-Post-Pandemic-City.pdf}
}




@incollection{battyalexander,
  title={Alexander’s challenge: Beyond hierarchy in city systems and systems of cities},
  author={Batty, Michael},
  booktitle={A City is not a tree: 50TH ANNIVERSARY EDITION},
  year={2015},
  pages={35--44},
  file={Biblio/DomainSpecific/UrbanDesign/ACINAT-LR.pdf}
}



@article{batty2009centenary,
  title={Centenary paper: The evolution of cities: Geddes, Abercrombie and the new physicalism},
  author={Batty, Michael and Marshall, Stephen},
  journal={Town Planning Review},
  volume={80},
  number={6},
  pages={551--574},
  year={2009},
  publisher={Liverpool University Press},
  file={Biblio/DomainSpecific/UrbanDesign/40541539.pdf}
}



@article{d2015mathematize,
  title={Mathematize urbes by humanizing them. Cities as isobenefit landscapes: psycho-economical distances and personal isobenefit lines},
  author={D’Acci, Luca},
  journal={Landscape and Urban Planning},
  volume={139},
  pages={63--81},
  year={2015},file={Biblio/DomainSpecific/UrbanDesign/
  publisher={Elsevier},
  file={Biblio/DomainSpecific/UrbanDesign/1-s2.0-S016920461500047X-main.pdf}
}



@article{hamman2013mobilite,
  title={La mobilit{\'e} dans la {\guillemotleft}ville durable{\guillemotright}: la construction de l’{\'e}vidence du Tramway par des dynamiques transactionnelles},
  author={Hamman, Philippe},
  journal={[VertigO] La revue {\'e}lectronique en sciences de l’environnement},
  volume={13},
  number={1},
  year={2013},
  publisher={Universit{\'e} du Qu{\'e}bec {\`a} Montr{\'e}al et {\'E}ditions en environnement VertigO},
  file={Biblio/DomainSpecific/UrbanDesign/1026572ar.pdf}
}



@misc{batty2019near,
  title={Near and far, centralised--decentralised urban futures},
  author={Batty, Michael},
  year={2019},
  publisher={SAGE Publications Sage UK: London, England},
  file={Biblio/DomainSpecific/UrbanDesign/2399808319858779.pdf}
}


@article{doi:10.1080/13574809.2019.1592664,
author = {Samuel Nello-Deakin},
title = {Is there such a thing as a ‘fair’ distribution of road space?},
journal = {Journal of Urban Design},
volume = {0},
number = {0},
pages = {1-17},
year  = {2019},
publisher = {Routledge},
doi = {10.1080/13574809.2019.1592664},

URL = { 
        https://doi.org/10.1080/13574809.2019.1592664
    
},
eprint = { 
        https://doi.org/10.1080/13574809.2019.1592664
    
}
,
    abstract = { ABSTRACTIn recent years, various reports and studies have provided quantified estimates of the distribution of road space among different transport modes in various cities worldwide. In doing so, and inspired by broader discussions on transport and urban justice, they have sought to point out the unfairness of existing patterns of road space distribution. Although intuitively tempting, this paper argues that appeals in favour of a ‘fair’ distribution of road space are inherently problematic. In order to illustrate this point, the distribution of road space in Amsterdam is measured using GIS cartography and discussed in relation to various transport-related indicators. },
file={Biblio/DomainSpecific/UrbanDesign/Is_there_such_a_thing_as_a_fair_distribution_of_road_space.pdf}
}

