
@article{gresillon2021recherche,
title={À la recherche de l’Université de Vincennes disparue, les arbres témoins d’un passé enseveli},
author={Grésillon, E. and Bilodeau, C. and Clauzel, C. and Escoda, C. and Duval, Q. and Neff, M. and Bouteau, F.}
url={https://journals.openedition.org/cybergeo/36353},
journal={Cybergeo Europeann Journal of Geography},
year={2021},
volume={36353},
publisher={UMR CNRS 8504 G{\'e}ographie-cit{\'e}s}
}

