



@article{batty1970some,
  title={Some problems of calibrating the Lowry model},
  author={Batty, Michael},
  journal={Environment and Planning A},
  volume={2},
  number={1},
  pages={95--114},
  year={1970},
  publisher={SAGE Publications Sage UK: London, England},
  file={Biblio/DomainSpecific/UrbanModeling/a020095.pdf}
}


@article{batty1972calibration,
  title={The calibration of gravity, entropy, and related models of spatial interaction},
  author={Batty, Michael and Mackie, S},
  journal={Environment and Planning A},
  volume={4},
  number={2},
  pages={205--233},
  year={1972},
  publisher={SAGE Publications Sage UK: London, England},
  file={Biblio/DomainSpecific/UrbanModeling/a040205.pdf}
}



@article{ford2019multi,
  title={A multi-scale urban integrated assessment framework for climate change studies: A flooding application},
  author={Ford, Alistair and Barr, Stuart and Dawson, Richard and Virgo, James and Batty, Michael and Hall, Jim},
  journal={Computers, Environment and Urban Systems},
  volume={75},
  pages={229--243},
  year={2019},
  publisher={Elsevier},
  file={Biblio/DomainSpecific/UrbanModeling/1-s2.0-S0198971518304708-main.pdf}
}



@article{senior1979gravity,
  title={From gravity modelling to entropy maximizing: a pedagogic guide},
  author={Senior, Martyn L},
  journal={Progress in Geography},
  volume={3},
  number={2},
  pages={175--210},
  year={1979},
  publisher={Sage Publications Sage CA: Thousand Oaks, CA},
  file={Biblio/DomainSpecific/UrbanModeling/030913257900300218.pdf}
}



@article{congdon1993approaches,
  title={Approaches to modelling overdispersion in the analysis of migration},
  author={Congdon, Peter},
  journal={Environment and Planning A},
  volume={25},
  number={10},
  pages={1481--1510},
  year={1993},
  publisher={SAGE Publications Sage UK: London, England},
  file={Biblio/DomainSpecific/UrbanModeling/a251481.pdf}
}



@techreport{lowry1964model,
  title={A model of metropolis},
  author={Lowry, Ira S},
  year={1964},
  institution={RAND CORP SANTA MONICA CALIF},
  file={Biblio/DomainSpecific/UrbanModeling/Lowry-Monograph-Model-of-Metrolpolis.pdf}
}



@article{flowerdew1982method,
  title={A method of fitting the gravity model based on the Poisson distribution},
  author={Flowerdew, Robin and Aitkin, Murray},
  journal={Journal of regional science},
  volume={22},
  number={2},
  pages={191--202},
  year={1982},
  publisher={Wiley Online Library},
  file={Biblio/DomainSpecific/UrbanModeling/Flowerdew_et_al-1982-Journal_of_Regional_Science.pdf}
}



@article{wilson1971family,
  title={A family of spatial interaction models, and associated developments},
  author={Wilson, Alan Geoffrey},
  journal={Environment and Planning A},
  volume={3},
  number={1},
  pages={1--32},
  year={1971},
  publisher={Sage Publications Sage UK: London, England},
  file={Biblio/DomainSpecific/UrbanModeling/a030001.pdf}
}



@article{oshan2016primer,
  title={A primer for working with the Spatial Interaction modeling (SpInt) module in the python spatial analysis library (PySAL)},
  author={Oshan, Taylor M},
  journal={Region},
  volume={3},
  number={2},
  pages={R11--R23},
  year={2016},
  url={http://openjournals.wu.ac.at/region/paper_175/175.html}
}




@article{liu2019modelling,
  title={Modelling urban change with cellular automata: Contemporary issues and future research directions},
  author={Liu, Yan and Batty, Michael and Wang, Siqin and Corcoran, Jonathan},
  journal={Progress in Human Geography},
  pages={0309132519895305},
  year={2019},
  publisher={SAGE Publications Sage UK: London, England},
  file={Biblio/DomainSpecific/UrbanModeling/0309132519895305.pdf}
}



@article{wang2019gravity,
  title={Gravity law in the Chinese highway freight transportation networks},
  author={Wang, Li and Ma, Jun-Chao and Jiang, Zhi-Qiang and Yan, Wanfeng and Zhou, Wei-Xing},
  journal={EPJ Data Science},
  volume={8},
  number={1},
  pages={37},
  year={2019},
  publisher={Springer},
  file={Biblio/DomainSpecific/UrbanModeling/s13688-019-0216-6.pdf}
}



@incollection{engelen2008validating,
  title={Validating and calibrating integrated cellular automata based models of land use change},
  author={Engelen, Guy and White, Roger},
  booktitle={The dynamics of complex urban systems},
  pages={185--211},
  year={2008},
  publisher={Springer},
  file={Biblio/DomainSpecific/UrbanModeling/SergioAlbeverio_DeniseAndrey_PaoloGiordano_AlbertoVancheri_TheDynamicsofComplexUrbanSystems_AnInterdisciplinaryApproach_2007.pdf}
}


@incollection{bogachev2008cities,
  title={Cities as evolutionary systems in random media},
  author={Bogachev, Leonid},
  booktitle={The Dynamics of Complex Urban Systems},
  pages={143--161},
  year={2008},
  publisher={Springer},
  file={Biblio/DomainSpecific/UrbanModeling/SergioAlbeverio_DeniseAndrey_PaoloGiordano_AlbertoVancheri_TheDynamicsofComplexUrbanSystems_AnInterdisciplinaryApproach_2007.pdf}
}



@book{albeverio2007dynamics,
  title={The dynamics of complex urban systems: An interdisciplinary approach},
  author={Albeverio, Sergio and Andrey, Denise and Giordano, Paolo and Vancheri, Alberto},
  year={2007},
  publisher={Springer},
  file={Biblio/DomainSpecific/UrbanModeling/SergioAlbeverio_DeniseAndrey_PaoloGiordano_AlbertoVancheri_TheDynamicsofComplexUrbanSystems_AnInterdisciplinaryApproach_2007.pdf}
}


@incollection{batty2008fifty,
  title={Fifty years of urban modeling: Macro-statics to micro-dynamics},
  author={Batty, Michael},
  booktitle={The dynamics of complex urban systems},
  pages={1--20},
  year={2008},
  publisher={Springer},
  file={Biblio/DomainSpecific/UrbanModeling/SergioAlbeverio_DeniseAndrey_PaoloGiordano_AlbertoVancheri_TheDynamicsofComplexUrbanSystems_AnInterdisciplinaryApproach_2007.pdf}
}



@article{white1978simulation,
  title={The Simulation of Central Place Dynamics: Two-Sector Systems and the Rank-Size Distribution},
  author={White, Roger W},
  journal={Geographical Analysis},
  volume={10},
  number={2},
  pages={201--208},
  year={1978},
  publisher={Wiley Online Library},
  file={Biblio/DomainSpecific/UrbanModeling/j.1538-4632.1978.tb00011.x.pdf}
}




@article{hayes1971spatial,
  title={Spatial interaction},
  author={Hayes, M Cordey and Wilson, Alan Geoffrey},
  journal={Socio-Economic Planning Sciences},
  volume={5},
  number={1},
  pages={73--95},
  year={1971},
  publisher={Elsevier},file={Biblio/DomainSpecific/UrbanModeling/
  file={Biblio/DomainSpecific/UrbanModeling/1-s2.0-0038012171900425-main.pdf}
}



@article{batty2005agents,
  title={Agents, cells, and cities: new representational models for simulating multiscale urban dynamics},
  author={Batty, Michael},
  journal={Environment and Planning A},
  volume={37},
  number={8},
  pages={1373--1394},
  year={2005},
  publisher={SAGE Publications Sage UK: London, England},
  file={Biblio/DomainSpecific/UrbanModeling/a3784.pdf}
}


@article{10.1371/journal.pone.0218028,
    author = {Hong, Inho AND Jung, Woo-Sung AND Jo, Hang-Hyun},
    journal = {PLOS ONE},
    publisher = {Public Library of Science},
    title = {Gravity model explained by the radiation model on a population landscape},
    year = {2019},
    month = {06},
    volume = {14},
    url = {https://doi.org/10.1371/journal.pone.0218028},
    pages = {1-13},
    abstract = {Understanding the mechanisms behind human mobility patterns is crucial to improve our ability to optimize and predict traffic flows. Two representative mobility models, i.e., radiation and gravity models, have been extensively compared to each other against various empirical data sets, while their fundamental relation is far from being fully understood. In order to study such a relation, we first model the heterogeneous population landscape by generating a fractal geometry of sites and then by assigning to each site a population independently drawn from a power-law distribution. Then the radiation model on this population landscape, which we call the radiation-on-landscape (RoL) model, is compared to the gravity model to derive the distance exponent in the gravity model in terms of the properties of the population landscape, which is confirmed by the numerical simulations. Consequently, we provide a possible explanation for the origin of the distance exponent in terms of the properties of the heterogeneous population landscape, enabling us to better understand mobility patterns constrained by the travel distance.},
    number = {6},
    doi = {10.1371/journal.pone.0218028},
    file={Biblio/DomainSpecific/UrbanModeling/journal.pone.0218028.pdf}
}



@article{doi:10.1068/b240159,
author = {M Batty and H Couclelis and M Eichen},
title ={Urban Systems as Cellular Automata},
journal = {Environment and Planning B: Planning and Design},
volume = {24},
number = {2},
pages = {159-164},
year = {1997},
doi = {10.1068/b240159},

URL = { 
        https://doi.org/10.1068/b240159
    
},
eprint = { 
        https://doi.org/10.1068/b240159
},
file={Biblio/DomainSpecific/UrbanModeling/b240159.pdf}
}






@article{engelen1988theory,
  title={The theory of self-organization and modelling complex urban systems},
  author={Engelen, Guy},
  journal={European Journal of Operational Research},
  volume={37},
  number={1},
  pages={42--57},
  year={1988},
  publisher={Elsevier},
  file={Biblio/DomainSpecific/UrbanModeling/engelen1988.pdf}
}



@article{batty2017age,
  title={The age of the smart city},
  author={Batty, Michael},
  journal={Centre for advanced spatial analysis (CASA) University College London},
  year={2017},
  file={Biblio/DomainSpecific/UrbanModeling/BATTY-Working-Paper-The-Age-of-the-Smart-City.pdf}
}





@article{tamura2017effects,
  title={Effects of the distant population density on spatial patterns of demographic dynamics},
  author={Tamura, Kohei and Masuda, Naoki},
  journal={Royal Society open science},
  volume={4},
  number={8},
  pages={170391},
  year={2017},
  publisher={The Royal Society Publishing},
  file={Biblio/DomainSpecific/UrbanModeling/1704.07523.pdf}
}



@techreport{batty2017space,
  title={Space Syntax and Spatial Interaction: Comparisons, Integrations, Applications},
  author={Batty, Michael},
  year={2017},
  institution={UCL working Papers Series},
  file={Biblio/DomainSpecific/UrbanModeling/SS-SI-Paper-BATTY-Jan2017.pdf}
}




@article{pumain1984vers,
  title={Vers une mod{\'e}lisation de la dynamique intra-urbaine},
  author={Pumain, Denise and Saint-Julien, Th{\'e}r{\`e}se and Sanders, Lena},
  journal={L'Espace g{\'e}ographique},
  pages={125--135},
  year={1984},
  publisher={JSTOR},
  file={Biblio/DomainSpecific/UrbanModeling/spgeo_0046-2497_1984_num_13_2_3912.pdf}
}



@misc{antoni2011modeliser,
  title={Mod{\'e}liser la ville},
  author={Antoni, Jean-Philippe and Morency, Catherine and Cambien, Aurore and Vuidel, Gilles and Nguyen-Luong, Dany and Nicolas, Jean-Pierre and Piron, Vincent and Delons, Jean and Bonnafous, Alain and Crozet, Yves and others},
  year={2011},
  publisher={Economica},
  file={Biblio/DomainSpecific/UrbanModeling/Modeliser_la_ville.pdf}
}





@article{burger2009specification,
  title={On the specification of the gravity model of trade: zeros, excess zeros and zero-inflated estimation},
  author={Burger, Martijn and Van Oort, Frank and Linders, Gert-Jan},
  journal={Spatial Economic Analysis},
  volume={4},
  number={2},
  pages={167--190},
  year={2009},
  publisher={Taylor \& Francis Group},
  file={Biblio/DomainSpecific/UrbanModeling/burger2009.pdf}
}




@misc{batty2016classifying,
  title={Classifying urban models},
  author={Batty, Michael},
  year={2016},
  publisher={SAGE Publications Sage UK: London, England},
  file={Biblio/DomainSpecific/UrbanModeling/0265813516630803.pdf}
}


@misc{batty2019map,
  title={A map is not the territory, or is it?},
  author={Batty, Michael},
  year={2019},
  publisher={SAGE Publications Sage UK: London, England},
  file={Biblio/DomainSpecific/UrbanModeling/2399808319850652.pdf}
}


@article{van2016pacifying,
  title={Pacifying Babel’s Tower: A scientometric analysis of polycentricity in urban research},
  author={Van Meeteren, Michiel and Poorthuis, Ate and Derudder, Ben and Witlox, Frank},
  journal={Urban Studies},
  volume={53},
  number={6},
  pages={1278--1298},
  year={2016},
  publisher={Sage Publications Sage UK: London, England},
  file={Biblio/DomainSpecific/UrbanModeling/vanmeeteren2015.pdf}
}


@article{doi:10.1177/2399808319839494,
author = {Michael Batty},
title ={Urban analytics defined},
journal = {Environment and Planning B: Urban Analytics and City Science},
volume = {46},
number = {3},
pages = {403-405},
year = {2019},
doi = {10.1177/2399808319839494},

URL = { 
        https://doi.org/10.1177/2399808319839494
    
},
eprint = { 
        https://doi.org/10.1177/2399808319839494
    
},
file={Biblio/DomainSpecific/UrbanModeling/2399808319839494.pdf}
}


@book{batty1976urban,
  title={Urban modelling},
  author={Batty, Michael},
  year={1976},
  publisher={Cambridge University Press Cambridge},
  file={Biblio/DomainSpecific/UrbanModeling/099c24ad6447c4883a3acecac1c6b94e35a4.pdf}
}

