


@article{turo2020balancing,
  title={The balancing act of urban conservation},
  author={Turo, Katherine J and Gardiner, Mary M},
  journal={Nature Communications},
  volume={11},
  number={1},
  pages={1--5},
  year={2020},
  publisher={Nature Publishing Group},
  file={Biblio/DomainSpecific/UrbanPlanning/s41467-020-17539-0.pdf}
}



@article{de2013transportation,
  title={Transportation policy as spatial planning tool; reducing urban sprawl by increasing travel costs and clustering infrastructure and public transportation},
  author={De Vos, Jonas and Witlox, Frank},
  journal={Journal of Transport Geography},
  volume={33},
  pages={117--125},
  year={2013},
  publisher={Elsevier},
  file={Biblio/DomainSpecific/UrbanPlanning/Transportation_policy_as_spatial_plannin.pdf}
}


