


@article{lobo2020urban,
  title={Urban Science: Integrated Theory from the First Cities to Sustainable Metropolises},
  author={Lobo, Jos{\'e} and Alberti, Marina and Allen-Dumas, Melissa and Arcaute, Elsa and Barthelemy, Marc and Bojorquez Tapia, Luis A and Brail, Shauna and Bettencourt, Luis and Beukes, Anni and Chen, Wei-Qiang and others},
  year={2020},
  url={https://www.colorado.edu/socialreactors/sites/default/files/attached-files/future_of_urban_science_report_for_nsf_lobo_et_al_1132020.pdf},
  file={Biblio/DomainSpecific/UrbanComplexity/SSRN-id3526940.pdf}
}



@book{pulselli2006city,
  title={City out of chaos: social patterns and organization in urban systems},
  author={Pulselli, RM and Ratti, C and Tiezzi, E},
  year={2006},
  publisher={London: WIT Press},
  file={Biblio/DomainSpecific/UrbanComplexity/9781845646547019FU1.pdf}
}

