


@article{tongjing2022multiplex,
  title={The multiplex relations between cities: a lexicon-based approach to detect urban systems},
  author={Tongjing, Wang and Meijers, Evert and Wang, Huijuan},
  journal={Regional Studies},
  pages={1--13},
  year={2022},
  publisher={Taylor \& Francis},
  file={Biblio/DomainSpecific/UrbanSystems/The multiplex relations between cities a lexicon based approach to detect urban systems.pdf}
}



@article{guo2022understanding,
  title={Understanding China’s urban system evolution from web search index data},
  author={Guo, Hao and Zhang, Weiyu and Du, Haode and Kang, Chaogui and Liu, Yu},
  journal={EPJ data science},
  volume={11},
  number={1},
  pages={20},
  year={2022},
  publisher={Springer Berlin Heidelberg},
  file={Biblio/DomainSpecific/UrbanSystems/s13688-022-00332-y.pdf}
}




@article{https://doi.org/10.48550/arxiv.2202.13906,
  doi = {10.48550/ARXIV.2202.13906},

  url = {https://arxiv.org/abs/2202.13906},

  author = {Louail, Thomas and Barthelemy, Marc},

  keywords = {Physics and Society (physics.soc-ph), Disordered Systems and Neural Networks (cond-mat.dis-nn), Statistical Mechanics (cond-mat.stat-mech), FOS: Physical sciences, FOS: Physical sciences},

  title = {A dominance tree approach to systems of cities},

  publisher = {arXiv},

  year = {2022},

  copyright = {arXiv.org perpetual, non-exclusive license},
  file={Biblio/DomainSpecific/UrbanSystems/2202.13906.pdf}
}




@article{pumain2016city,
  title={City system},
  author={Pumain, Denise},
  year={2016},
  journal={Hypergeo},
  url={https://hypergeo.eu/city-system/?lang=en},
  file={Biblio/DomainSpecific/UrbanSystems/hypergeo_citysystem.pdf}
}



@article{abozeid2021polycentric,
  title={Polycentric vs monocentric urban structure contribution to national development},
  author={Abozeid, Ashraf Sami Mahmoud and AboElatta, Tarek Abdellatif},
  journal={Journal of Engineering and Applied Science},
  volume={68},
  number={1},
  pages={1--18},
  year={2021},
  publisher={SpringerOpen},
  file={Biblio/DomainSpecific/UrbanSystems/s44147-021-00011-1.pdf}
}



@article{popescucompetitiveness,
  title={The Competitiveness of Urban Systems in Central and Eastern Europe. A Qualitative Research},
  author={POPESCU, Ruxandra-Irina and CORBOȘ, R{\u{a}}zvan-Andrei and BUNEA, Ovidiu-Iulian},
  year={2021},
  journal={Conferinta Internationala de Administratie si Management Public},
  url={https://www.ceeol.com/search/article-detail?id=992253}
}




@incollection{pumain:halshs-03326935,
  TITLE = {{Les syst{\`e}mes de villes et l'intelligence territoriale}},
  AUTHOR = {Pumain, Denise},
  URL = {https://halshs.archives-ouvertes.fr/halshs-03326935},
  BOOKTITLE = {{Sistemas Urbanos en am{\'e}rica Latina, El Caribe e Estatos Unidos. Un balance en los albores del siglo XXI.}},
  EDITOR = {Maturana Miranda F. \\& Montoya G. J.W.},
  PUBLISHER = {{Imago Mundi, Universidad nacional de Columbia}},
  YEAR = {2021},
  PDF = {https://halshs.archives-ouvertes.fr/halshs-03326935/file/Introduction%20Pumain.pdf},
  HAL_ID = {halshs-03326935},
  HAL_VERSION = {v1},
  file={Biblio/DomainSpecific/UrbanSystems/Introduction%20Pumain.pdf}
}



@article{li2021urban,
  title={Urban Systems: Understanding and Predicting the Spatial Distribution of China's Population},
  author={Li, Pengfei and Lu, Ming},
  journal={China \& World Economy},
  volume={29},
  number={4},
  pages={35--62},
  year={2021},
  publisher={Wiley Online Library},
  file={Biblio/DomainSpecific/UrbanSystems/cwe.12380.pdf}
}



@article{zuzanska2021dynamic,
  title={Dynamic villages in the hinterland of a polycentric region: case study of the G{\'o}rno{\'s}l{\k{a}}sko-Zag{\l}{\k{e}}biowska Metropolis in Poland},
  author={Zuza{\'n}ska-{\.Z}y{\'s}ko, El{\.z}bieta and Dyszy, Marlena},
  journal={Land},
  volume={10},
  number={8},
  pages={779},
  year={2021},
  publisher={Multidisciplinary Digital Publishing Institute},
  file={Biblio/DomainSpecific/UrbanSystems/land-10-00779-v2.pdf}
}



@article{grachevcomparison,
  title={Comparison of Soviet and post-Soviet Russian settlement systems with the US settlement system, 1959-2020},
  author={Grachev, Gennady A},
  year={2021},
  file={Biblio/DomainSpecific/UrbanSystems/Grachev_29.06.21.pdf}
}


@article{bretagnolle2010simulating,
  title={Simulating urban networks through multiscalar space-time dynamics: Europe and the united states, 17th-20th centuries},
  author={Bretagnolle, Anne and Pumain, Denise},
  journal={Urban Studies},
  volume={47},
  number={13},
  pages={2819--2839},
  year={2010},
  publisher={SAGE Publications Sage UK: London, England},
  file={Biblio/DomainSpecific/UrbanSystems/0042098010377366.pdf}
}



@book{gottmann1962megalopolis,
  title={Megalopolis: the urbanized northeastern seaboard of the United States},
  author={Gottmann, Jean},
  year={1962},
  publisher={Twentieth Century Fund New York},
  url={https://direct.mit.edu/books/book/5083/MegalopolisThe-Urbanized-Northeastern-Seaboard-of}
}



@article{peris2021cities,
  title={Cities in interaction: Analysing the Dutch system of cities with computational methods},
  author={Peris, Antoine},
  journal={A+ BE| Architecture and the Built Environment},
  number={07},
  pages={1--206},
  year={2021},
  file={Biblio/DomainSpecific/UrbanSystems/5793-Article%20Text-18010-1-10-20210527.pdf}
}



@article{baudelle2021explaining,
  title={Explaining the Dynamics of Small Towns in Western France by Testing ThWyja{\'s}nianie dynamiki ma{\l}ych miast w zachodniej Francji poprzez testowanie trzech mo{\.z}liwych czynnik{\'o}wree Possible},
  author={Baudelle, Guy and Buron, Louis-Thibault},
  journal={Rozw{\'o}j Regionalny i Polityka Regionalna},
  number={54},
  pages={35--58},
  year={2021},
  url={https://pressto.amu.edu.pl/index.php/rrpr/article/view/27685}
}


@article{bavcic2014croatia,
  title={Croatia's potential for polycentric development},
  author={Ba{\v{c}}i{\'c}, Katarina and {\v{S}}i{\v{s}}ina{\v{c}}ki, Jelena},
  journal={Dru{\v{s}}tvena istra{\v{z}}ivanja: {\v{c}}asopis za op{\'c}a dru{\v{s}}tvena pitanja},
  volume={23},
  number={2},
  pages={327--347},
  year={2014},
  publisher={Institut dru{\v{s}}tvenih znanosti IVO PILAR},
  file={Biblio/DomainSpecific/UrbanSystems/bacic-2014-croatias_potential_for_polycentric_development-eizg_137-publishedversion-drvgss-s.pdf}
}



@book{van2019polycentricity,
  title={Polycentricity in the European Union},
  author={Van Zeben, Josephine and Bobi{\'c}, Ana},
  year={2019},
  publisher={Cambridge University Press}
}



@article{munter2020polycentric,
  title={Polycentric regions: Proposals for a new typology and terminology},
  author={M{\"u}nter, Angelika and Volgmann, Kati},
  journal={Urban Studies},
  pages={0042098020931695},
  year={2020},
  publisher={SAGE Publications Sage UK: London, England},
  file={Biblio/DomainSpecific/UrbanSystems/0042098020931695.pdf}
}


@incollection{pumain2021modelling,
  title={Modelling Urban Trajectories: The Subjective Biography of a Scientific Question},
  author={Pumain, Denise},
  booktitle={Complex Systems, Smart Territories and Mobility},
  pages={1--14},
  year={2021},
  publisher={Springer},
  file={Biblio/DomainSpecific/UrbanComplexity/xterm-springer.pdf}
}



@article{Cattaneoe2011990118,
	author = {Cattaneo, Andrea and Nelson, Andrew and McMenomy, Theresa},
	title = {Global mapping of urban{\textendash}rural catchment areas reveals unequal access to services},
	volume = {118},
	number = {2},
	elocation-id = {e2011990118},
	year = {2021},
	doi = {10.1073/pnas.2011990118},
	publisher = {National Academy of Sciences},
	abstract = {Physical access to services and employment opportunities shapes the lives of people everywhere. For 3.4 billion people living in rural locations, the size of nearby urban centers and the associated travel time affect the breadth of services and opportunities available and their accessibility. We identify catchment areas of urban centers of different sizes and how many people gravitate toward each city or town, providing a full spatial representation of the connection between rural areas and urban centers and fresh insights on the diversity of urban{\textendash}rural systems. The global dataset opens the door to applied research in various disciplines{\textemdash}such as poverty reduction, food systems, health, and education{\textemdash}where a person{\textquoteright}s place of residence is an important factor.Using travel time to cities of different sizes, we map populations across an urban{\textendash}rural continuum to improve on the standard dichotomous representations of urban{\textendash}rural interactions. We extend existing approaches by 1) building on central place theory to capture the urban hierarchy in access to services and employment opportunities provided by urban centers of different sizes, 2) defining urban{\textendash}rural catchment areas (URCAs) expressing the interconnection between urban centers and their surrounding rural areas, and 3) adopting a global gridded approach comparable across countries. We find that one-fourth of the global population lives in periurban areas of intermediate and smaller cities and towns, which challenges the centrality of large cities in development. In low-income countries, 64\% of the population lives either in small cities and towns or within their catchment areas, which has major implications for access to services and employment opportunities. Intermediate and small cities appear to provide catchment areas for proportionately more people gravitating around them than larger cities. This could indicate that, for countries transitioning to middle income, policies and investments strengthening economic linkages between urban centers and their surrounding rural areas may be as important as investing in urbanization or the rural hinterlands. The dataset provided can support national economic planning and territorial development strategies by enabling policy makers to focus more in depth on urban{\textendash}rural interactions.Raster file (TIFF) data have been deposited in Figshare (DOI: 10.6084/m9.figshare.12579572). Map boundaries are based on the Global Administrative Unit Layers (GAUL) (58). Countries are grouped by income according to the World Bank classification for 2015 (59) and by the UN geographic region (60).},
	issn = {0027-8424},
	URL = {https://www.pnas.org/content/118/2/e2011990118},
	eprint = {https://www.pnas.org/content/118/2/e2011990118.full.pdf},
	journal = {Proceedings of the National Academy of Sciences},
	file={Biblio/DomainSpecific/UrbanSystems/e2011990118.full.pdf}
}




@article{rozenblat2020extending,
  title={Extending the concept of city for delineating large urban regions (LUR) for the cities of the world},
  author={Rozenblat, C{\'e}line},
  journal={Cybergeo: European Journal of Geography},
  year={2020},
  publisher={CNRS-UMR G{\'e}ographie-cit{\'e}s 8504},
  doi={10.4000/cybergeo.35411},
  url={https://journals.openedition.org/cybergeo/35411}
}



@article{berroir2020french,
title={French urban systems: a relational approach},
author={Berroir, Sandrine and Cattan, Nadine and Dobruszkes, Fr{\'e}d{\'e}ric and Gu{\'e}rois, Marianne and Paulus, Fabien and Vacchiani-Marcuzzo, C{\'e}line},
journal={Cybergeo: European journal of geography},
year={2020},
publisher={CNRS-UMR G{\'e}ographie-cit{\'e}s 8504},
doi={10.4000/cybergeo.35587},
url={https://journals.openedition.org/cybergeo/35587}
}



@article{batty202014,
  title={14 Defining City Size and Growth},
  author={Batty, Michael},
  journal={Urban Empires: Cities as Global Rulers in the New Urban World},
  pages={210},
  year={2020},
  publisher={Routledge},
  link={https://books.google.fr/books?hl=fr&lr=&id=-7f3DwAAQBAJ&oi=fnd&pg=PA210&ots=NSrUSTUV12&sig=iwALJeZEyk8-8SSGtAjnVu6GFUo#v=onepage&q&f=false}
}



@article{Eberle16250,
	author = {Eberle, Ulrich J. and Henderson, J. Vernon and Rohner, Dominic and Schmidheiny, Kurt},
	title = {Ethnolinguistic diversity and urban agglomeration},
	volume = {117},
	number = {28},
	pages = {16250--16257},
	year = {2020},
	doi = {10.1073/pnas.2002148117},
	publisher = {National Academy of Sciences},
	abstract = {Urbanization and agglomeration of economic activity are key drivers of economic development. Many factors underlying city sizes and locations continue to be well studied. However, a key factor has so far been generally ignored: the role of the ethnolinguistic composition of local populations. We address this gap, drawing on a very detailed dataset on local urban agglomeration and ethnolinguistic diversity. We find that, in multiethnic areas, social tensions arise more easily, discouraging the move to bigger cities. Ethnolinguistically diverse regions feature less urbanization and agglomeration, with potentially profound economic consequences.This article shows that higher ethnolinguistic diversity is associated with a greater risk of social tensions and conflict, which, in turn, is a dispersion force lowering urbanization and the incentives to move to big cities. We construct a worldwide dataset at a fine-grained level on urban settlement patterns and ethnolinguistic population composition. For 3,540 provinces of 170 countries, we find that increased ethnolinguistic fractionalization and polarization are associated with lower urbanization and an increased role for secondary cities relative to the primate city of a province. These striking associations are quantitatively important and robust to various changes in variables and specifications. We find that democratic institutions affect the impact of ethnolinguistic diversity on urbanization patterns.},
	issn = {0027-8424},
	URL = {https://www.pnas.org/content/117/28/16250},
	eprint = {https://www.pnas.org/content/117/28/16250.full.pdf},
	journal = {Proceedings of the National Academy of Sciences},
	file={Biblio/DomainSpecific/UrbanSystems/16250.full.pdf}
}



@article{robinson2020how,
title={How did ancient cities weather crises?},
author={Robinson, A.},
journal={Nature},
volume={583},
pages={349-350},
yeear={2020},
doi={10.1038/d41586-020-02070-5},
url={https://www.nature.com/articles/d41586-020-02070-5},
file={Biblio/DomainSpecific/UrbanSystems/d41586-020-02070-5.pdf}
}



@article{de2019delineating,
  title={Delineating urban areas using building density},
  author={De Bellefon, Marie-Pierre and Combes, Pierre-Philippe and Duranton, Gilles and Gobillon, Laurent and Gorin, Cl{\'e}ment},
  journal={Journal of Urban Economics},
  pages={103226},
  year={2019},
  publisher={Elsevier},
  file={Biblio/DomainSpecific/UrbanSystems/10.1016@j.jue.2019.103226.pdf}
}




@phdthesis{louail2010comparer,
  title={Comparer les morphog{\'e}n{\`e}ses urbaines en Europe et aux {\'E}tats-Unis par la simulation {\`a} base d'agents--Approches multi-niveaux et environnements de simulation spatiale},
  author={Louail, Thomas},
  year={2010},
  school={Universit{\'e} d'Evry-Val d'Essonne},
  file={Biblio/DomainSpecific/UrbanSystems/2010EVRY0013.pdf}
}




@article{shen2008spatial,
  title={Spatial Analysis of the Urban System in Guangdong Province of South China Using Population and Economic Indicators},
  author={Shen, J},
  journal={The Open Geography Journal},
  volume={1},
  number={1},
  year={2008},
  file={Biblio/DomainSpecific/UrbanSystems/TOGEOGJ-1-1.pdf}
}



@article{schmitt2013modelographie,
  title={Mod{\'e}lographie multi-agents de la simulation des interactions soci{\'e}t{\'e}s-environnement et de l’{\'e}mergence des villes},
  author={Schmitt, Clara and Pumain, Denise},
  journal={Cybergeo: European Journal of Geography},
  year={2013},
  publisher={CNRS-UMR G{\'e}ographie-cit{\'e}s 8504},
  url={https://journals.openedition.org/cybergeo/25900}
}


@article{pumain2000settlement,
  title={Settlement systems in the evolution},
  author={Pumain, Denise},
  journal={Geografiska Annaler: Series B, Human Geography},
  volume={82},
  number={2},
  pages={73--87},
  year={2000},
  publisher={Taylor \& Francis},
  file={Biblio/DomainSpecific/UrbanSystems/pumain2000.pdf}
}


@article{berry1964cities,
  title={Cities as systems within systems of cities},
  author={Berry, Brian JL},
  journal={Papers in regional science},
  volume={13},
  number={1},
  pages={147--163},
  year={1964},
  publisher={Wiley Online Library},
  file={Biblio/DomainSpecific/UrbanSystems/berry2005.pdf}
}


@phdthesis{paulus2004coevolution,
  title={Co{\'e}volution dans les syst{\`e}mes de villes: croissance et sp{\'e}cialisation des aires urbaines fran{\c{c}}aises de 1950 {\`a} 2000},
  author={Paulus, Fabien},
  year={2004},
  school={Universit{\'e} Panth{\'e}on-Sorbonne-Paris I},
  file={Biblio/DomainSpecific/UrbanSystems/tel-00008053.pdf}
}



@article{gonzalez2010evolution,
  title={The Evolution of US City Size Distribution from a Long-Term Perspective (1900--2000)},
  author={Gonz{\'a}lez-Val, Rafael},
  journal={Journal of Regional Science},
  volume={50},
  number={5},
  pages={952--972},
  year={2010},
  publisher={Wiley Online Library},
  file={Biblio/DomainSpecific/UrbanSystems/gonzlezval2010.pdf}
}


@article{osth2017social,
  title={Social Capital, Resilience and Accessibility in Urban Systems: a Study on Sweden},
  author={{\"O}sth, John and Dolciotti, Martina and Reggiani, Aura and Nijkamp, Peter},
  journal={Networks and Spatial Economics},
  pages={1--24},
  year={2017},
  publisher={Springer},
  file={Biblio/DomainSpecific/UrbanSystems/10.1007\%2Fs11067-017-9375-9.pdf}
}


