

@article{tonne2020defining,
  title={Defining pathways to healthy sustainable urban development},
  author={Tonne, Cathryn and Adair, Linda and Adlakha, Deepti and Anguelovski, Isabelle and Belesova, Kristine and Berger, Maximilian and Brelsford, Christa and Dadvand, Payam and Dimitrova, Asya and Giles-Corti, Billie and others},
  journal={Environment International},
  volume={146},
  pages={106236},
  year={2020},
  publisher={Elsevier},
  file={Biblio/DomainSpecific/UrbanHealth/1-s2.0-S0160412020321917-main.pdf}
}



