



@article{10.1371/journal.pone.0225734,
    author = {Bosch, Martí},
    journal = {PLOS ONE},
    publisher = {Public Library of Science},
    title = {PyLandStats: An open-source Pythonic library to compute landscape metrics},
    year = {2019},
    month = {12},
    volume = {14},
    url = {https://doi.org/10.1371/journal.pone.0225734},
    pages = {1-19},
    abstract = {Quantifying the spatial pattern of landscapes has become a common task of many studies in landscape ecology. Most of the existing software to compute landscape metrics is not well suited to be used in interactive environments such as Jupyter notebooks nor to be included as part of automated computational workflows. This article presents PyLandStats, an open-source Pythonic library to compute landscape metrics within the scientific Python stack. The PyLandStats package provides a set of methods to quantify landscape patterns, such as the analysis of the spatiotemporal patterns of land use/land cover change or zonal analysis. The implementation is based on the prevailing Python libraries for geospatial data analysis in a way that they can be forthwith integrated into complex computational workflows. Notably, the provided methods offer a large variety of options so that users can employ PyLandStats in the way that best supports their needs. The source code is publicly available, and is organized in a modular object-oriented structure that enhances its maintainability and extensibility.},
    number = {12},
    doi = {10.1371/journal.pone.0225734},
    file={Biblio/DomainSpecific/UrbanMorphology/journal.pone.0225734.pdf}
}



@article{Fleischmann2019,
  doi = {10.21105/joss.01807},
  url = {https://doi.org/10.21105/joss.01807},
  year = {2019},
  publisher = {The Open Journal},
  volume = {4},
  number = {43},
  pages = {1807},
  author = {Martin Fleischmann},
  title = {momepy: Urban Morphology Measuring Toolkit},
  journal = {Journal of Open Source Software},
  file={Biblio/DomainSpecific/UrbanMorphology/10.21105.joss.01807.pdf}
}





@article{MORENOMONROY2020103242,
title = "Metropolitan areas in the world. Delineation and population trends",
journal = "Journal of Urban Economics",
pages = "103242",
year = "2020",
issn = "0094-1190",
doi = "https://doi.org/10.1016/j.jue.2020.103242",
url = "http://www.sciencedirect.com/science/article/pii/S0094119020300139",
author = "Ana I. Moreno-Monroy and Marcello Schiavina and Paolo Veneri",
keywords = "Cities, Metropolitan areas, Functional urban areas, Suburbanisation",
abstract = "This paper presents a novel method to delineate metropolitan areas – or functional urban areas (FUAs) – in the entire world and assesses their population trends. According to the definition developed by the OECD and the European Union, FUAs are composed of high-density urban centres with at least 50 thousand people plus their surrounding commuting zones. The latter represent the urban centres’ areas of influence in terms of labour market flows. The proposed method combines a functional and a morphological approach to overcome the dependency on travel-to-work data to define commuting zones and allow a global delineation. It relies on a probabilistic approach and the use of population and travel impedance gridded data across the globe. Results show that around 3.9 billion people, making up 53% of the world population, live in 8,790 FUAs, out of which 17% live in their commuting zones. Between 2000 and 2015, population growth was higher in larger FUAs, highlighting a general trend toward higher concentration of the metropolitan population. Commuting zones grew faster than urban centres, though with heterogeneous patterns across world regions, income levels and metropolitan size."
file={Biblio/DomainSpecific/UrbanMorphology/1-s2.0-S0094119020300139-main.pdf}
}



@article{behnisch2019settlement,
  title={Settlement percolation: A study of building connectivity and poles of inaccessibility},
  author={Behnisch, Martin and Schorcht, Martin and Kriewald, Steffen and Rybski, Diego},
  journal={Landscape and Urban Planning},
  volume={191},
  pages={103631},
  year={2019},
  publisher={Elsevier},
  file={Biblio/DomainSpecific/UrbanMorphology/behnisch2019.pdf}
}



@article{fluschnik2016size,
  title={The size distribution, scaling properties and spatial organization of urban clusters: A global and regional percolation perspective},
  author={Fluschnik, Till and Kriewald, Steffen and Garc{\'\i}a Cant{\'u} Ros, Anselmo and Zhou, Bin and Reusser, Dominik E and Kropp, J{\"u}rgen P and Rybski, Diego},
  journal={ISPRS International Journal of Geo-Information},
  volume={5},
  number={7},
  pages={110},
  year={2016},
  publisher={Multidisciplinary Digital Publishing Institute},
  file={Biblio/DomainSpecific/UrbanMorphology/ijgi-05-00110.pdf}
}


@article{batty2009digital,
  title={A digital breeder for designing cities},
  author={Batty, Michael},
  journal={Architectural Design},
  volume={79},
  number={4},
  pages={46--49},
  year={2009},
  publisher={Wiley Online Library},
  file={Biblio/DomainSpecific/UrbanMorphology/ad.916.pdf}
}


@inproceedings{morgan2009using,
  title={Using binary space partitioning to generate urban spatial patterns},
  author={Morgan, Fraser and O’Sullivan, David},
  booktitle={4th International Conference on Computers in Urban Planning and Urban Management},
  pages={1--16},
  year={2009},
  file={Biblio/DomainSpecific/UrbanMorphology/Using_binary_space_partitioning_to_gener.pdf}
}



@article{saleri2005pseudo,
  title={Pseudo-urban automatic pattern generation},
  author={Saleri, Renato},
  year={2005},
  file={Biblio/DomainSpecific/UrbanMorphology/GA2002.pdf}
}


@article{crooks2015crowdsourcing,
  title={Crowdsourcing urban form and function},
  author={Crooks, Andrew and Pfoser, Dieter and Jenkins, Andrew and Croitoru, Arie and Stefanidis, Anthony and Smith, Duncan and Karagiorgou, Sophia and Efentakis, Alexandros and Lamprianidis, George},
  journal={International Journal of Geographical Information Science},
  volume={29},
  number={5},
  pages={720--741},
  year={2015},
  publisher={Taylor \& Francis},
  file={Biblio/DomainSpecific/UrbanMorphology/Crowdsourcing_urban_form_and_function.pdf}
}



@article{صبا2018تأثير,
  title={تأثير مساحة القطاعات البنائية في القصور الذاتي البنيوي للمراكز التأريخية},
  author={صبا جبار نعمة and نسرين رزاق ابراهيم},
  journal={Association of Arab Universities Journal of Engineering Sciences},
  volume={25},
  number={4},
  pages={22--1},
  year={2018},
  file={Biblio/DomainSpecific/UrbanMorphology/BlockSize.pdf},
  note={Research Gate feedback request}
}



@inproceedings{haffner:hal-02389587,
  TITLE = {{L'impact des formes urbaines dans la mise en place des politiques de transition {\'e}nerg{\'e}tique : une approche par la mod{\'e}lisation}},
  AUTHOR = {Haffner, Maud and Vuidel, Gilles},
  URL = {https://hal.archives-ouvertes.fr/hal-02389587},
  BOOKTITLE = {{Rencontres Francophones Transport Mobilit{\'e} 2019}},
  ADDRESS = {Montr{\'e}al, Canada},
  YEAR = {2019},
  MONTH = Jun,
  KEYWORDS = {Formes urbaines ; Villes th{\'e}oriques ; Transition {\'e}nerg{\'e}tique ; Mobilit{\'e}s quotidiennes ; Mod{\'e}lisation urbaine},
  PDF = {https://hal.archives-ouvertes.fr/hal-02389587/file/Proposition_RFTM_2019_HAFFNER_VUIDEL.pdf},
  HAL_ID = {hal-02389587},
  HAL_VERSION = {v1},
  file={Biblio/DomainSpecific/UrbanMorphology/Proposition_RFTM_2019_HAFFNER_VUIDEL.pdf}
}



@article{BOEING2019,
title = "Spatial information and the legibility of urban form: Big data in urban morphology",
journal = "International Journal of Information Management",
year = "2019",
issn = "0268-4012",
doi = "https://doi.org/10.1016/j.ijinfomgt.2019.09.009",
url = "http://www.sciencedirect.com/science/article/pii/S0268401219302154",
author = "Geoff Boeing",
keywords = "OpenStreetMap, Urban design, Urban form, Urban morphology, Urban planning, Visualization",
abstract = "Urban planning and morphology have relied on analytical cartography and visual communication tools for centuries to illustrate spatial patterns, conceptualize proposed designs, compare alternatives, and engage the public. Classic urban form visualizations – from Giambattista Nolli’s ichnographic maps of Rome to Allan Jacobs’s figure-ground diagrams of city streets – have compressed physical urban complexity into easily comprehensible information artifacts. Today we can enhance these traditional workflows through the Smart Cities paradigm of understanding cities via user-generated content and harvested data in an information management context. New spatial technology platforms and big data offer new lenses to understand, evaluate, monitor, and manage urban form and evolution. This paper builds on the theoretical framework of visual cultures in urban planning and morphology to introduce and situate computational data science processes for exploring urban fabric patterns and spatial order. It demonstrates these workflows with OSMnx and data from OpenStreetMap, a collaborative spatial information system and mapping platform, to examine street network patterns, orientations, and configurations in different study sites around the world, considering what these reveal about the urban fabric. The age of ubiquitous urban data and computational toolkits opens up a new era of worldwide urban form analysis from integrated quantitative and qualitative perspectives.",file={Biblio/DomainSpecific/UrbanMorphology/
file={Biblio/DomainSpecific/UrbanMorphology/1-s2.0-S0268401219302154-main.pdf}
}



@phdthesis{lenechet:tel-00576521,
  TITLE = {{Multi-scalar approach of links between daily mobility, spatial structure and sustainability of European metropolitan areas : case studies : paris and Rhine-Ruhr metropolitan regions}},
  AUTHOR = {Le N{\'e}chet, Florent},
  URL = {https://pastel.archives-ouvertes.fr/tel-00576521},
  NUMBER = {2010PEST1111},
  SCHOOL = {{Universit{\'e} Paris-Est}},
  YEAR = {2010},
  MONTH = Dec,
  KEYWORDS = {Urban form ; Daily mobility ; Urban sprawl ; Polycentricity ; European metropolitan areas ; Sustainable development ; Forme urbaine ; Mobilit{\'e} quotidienne ; {\'E}talement urbain ; Polycentrisme ; M{\'e}tropoles europ{\'e}ennes ; D{\'e}veloppement soutenable},
  TYPE = {Theses},
  PDF = {https://pastel.archives-ouvertes.fr/tel-00576521/file/TH2010PEST1111_complete.pdf},
  HAL_ID = {tel-00576521},
  HAL_VERSION = {v2},
  file={Biblio/DomainSpecific/UrbanMorphology/TH2010PEST1111_complete.pdf}
}


@article{d2014urban,
  title={Urban DNA for cities evolutions. Cities as physical expression of dynamic equilibriums between competitive and cooperative forces},
  author={D'Acci, Luca},
  journal={arXiv preprint arXiv:1408.2874},
  year={2014},
  file={Biblio/DomainSpecific/UrbanMorphology/1408.2874.pdf}
}



@ARTICLE{2018arXiv180400855V,
       author = {{Volpati}, Valerio and {Barthelemy}, Marc},
        title = "{The spatial organization of the population density in cities}",
      journal = {arXiv e-prints},
     keywords = {Physics - Physics and Society},
         year = "2018",
        month = "Apr",
          eid = {arXiv:1804.00855},
        pages = {arXiv:1804.00855},
archivePrefix = {arXiv},
       eprint = {1804.00855},
 primaryClass = {physics.soc-ph},
       adsurl = {https://ui.adsabs.harvard.edu/abs/2018arXiv180400855V},
      adsnote = {Provided by the SAO/NASA Astrophysics Data System},
	file={Biblio/DomainSpecific/UrbanMorphology/1804.00855.pdf}
}





@article{venerandi2018scalable,
  title={A scalable method to quantify the relationship between urban form and socio-economic indexes},
  author={Venerandi, Alessandro and Quattrone, Giovanni and Capra, Licia},
  journal={EPJ Data Science},
  volume={7},
  number={1},
  pages={4},
  year={2018},
  publisher={SpringerOpen},
  file={Biblio/DomainSpecific/UrbanMorphology/s13688-018-0132-1.pdf}
}



@article{barthelemy2017paths,
  title={From paths to blocks: New measures for street patterns},
  author={Barthelemy, Marc},
  journal={Environment and Planning B: Urban Analytics and City Science},
  volume={44},
  number={2},
  pages={256--271},
  year={2017},
  publisher={SAGE Publications Sage UK: London, England},
  file={Biblio/DomainSpecific/UrbanMorphology/barthelemy2015.pdf}
}


@article{ratti2004raster,
  title={Raster analysis of urban form},
  author={Ratti, Carlo and Richens, Paul},
  journal={Environment and Planning B: Planning and Design},
  volume={31},
  number={2},
  pages={297--309},
  year={2004},
  publisher={SAGE Publications Sage UK: London, England},
  file={Biblio/DomainSpecific/UrbanMorphology/ratti2004.pdf}
}



@article{chen2017defining,
  title={Defining Urban Boundaries by Characteristic Scales},
  author={Chen, Yanguang and Wang, Jiejing and Long, Yuqing and Zhang, Xiaohu and Liu, Xiaoping and Li, Xiaosong},
  journal={arXiv preprint arXiv:1710.01869},
  year={2017},
  file={Biblio/DomainSpecific/UrbanMorphology/1710.01869.pdf}
}




@article{lefebvre2017pekin,
  title={P{\'e}kin entre patrimoine et modernit{\'e}: une mutation de la morphologie urbaine observ{\'e}e par satellite depuis 50 ans},
  author={Lefebvre, Antoine},
  journal={Cybergeo: European Journal of Geography},
  year={2017},
  publisher={CNRS-UMR G{\'e}ographie-cit{\'e}s 8504},
  url={https://journals.openedition.org/cybergeo/28038}
}



@inproceedings{maizia2007energetique,
  title={L'{\'e}nerg{\'e}tique urbaine et la morphologie des villes. L'analyse du b{\^a}ti parisien},
  author={Ma{\"\i}zia, Mindjid},
  booktitle={Les annales de la recherche urbaine},
  volume={103},
  number={1},
  pages={79--85},
  year={2007},
  organization={Centre de Recherche d'Urbanisme},
  file={Biblio/DomainSpecific/UrbanMorphology/103.maizia.pdf}
}



@article{reux2017trajectoires,
  title={Trajectoires r{\'e}sidentielles et morphologiques des franges p{\'e}riurbaines: une m{\'e}thode appliqu{\'e}e au Limousin},
  author={Reux, Sara},
  journal={Cybergeo: European Journal of Geography},
  year={2017},
  publisher={CNRS-UMR G{\'e}ographie-cit{\'e}s 8504},
  url={https://journals.openedition.org/cybergeo/27985}
}


@article{salat2018uncovering,
  title={Uncovering inequality through multifractality of land prices: 1912 and contemporary Kyoto},
  author={Salat, Hadrien and Murcio, Roberto and Yano, Keiji and Arcaute, Elsa},
  journal={PloS one},
  volume={13},
  number={4},
  pages={e0196737},
  year={2018},
  publisher={Public Library of Science},
  file={Biblio/DomainSpecific/UrbanMorphology/chen2011.pdf}
}



@article{chen2011derivation,
  title={Derivation of the functional relations between fractal dimension of and shape indices of urban form},
  author={Chen, Yanguang},
  journal={Computers, Environment and Urban Systems},
  volume={35},
  number={6},
  pages={442--451},
  year={2011},
  publisher={Elsevier},
  file={Biblio/DomainSpecific/UrbanMorphology/chen2011.pdf}
}


@article{tannier2013defining,
  title={Defining and characterizing urban boundaries: A fractal analysis of theoretical cities and Belgian cities},
  author={Tannier, C{\'e}cile and Thomas, Isabelle},
  journal={Computers, Environment and Urban Systems},
  volume={41},
  pages={234--248},
  year={2013},
  publisher={Elsevier},
  file={Biblio/DomainSpecific/UrbanMorphology/tannier2013.pdf}
}



@article{chen2017spatial,
  title={Spatial analysis of cities using Renyi entropy and fractal parameters},
  author={Chen, Yanguang and Feng, Jian},
  journal={Chaos, Solitons \& Fractals},
  volume={105},
  pages={279--287},
  year={2017},
  publisher={Elsevier},
  file={Biblio/DomainSpecific/UrbanMorphology/1610.01312.pdf}
}




@article{chen2016equivalent,
  title={Equivalent Relation between Normalized Spatial Entropy and Fractal Dimension},
  author={Chen, Yanguang},
  journal={arXiv preprint arXiv:1608.02054},
  year={2016},
  file={Biblio/DomainSpecific/UrbanMorphology/1608.02054.pdf}
}



@article{DACCI2019128,
title = "A new type of cities for liveable futures. Isobenefit Urbanism morphogenesis",
journal = "Journal of Environmental Management",
volume = "246",
pages = "128 - 140",
year = "2019",
issn = "0301-4797",
doi = "https://doi.org/10.1016/j.jenvman.2019.05.129",
url = "http://www.sciencedirect.com/science/article/pii/S0301479719307571",
author = "Luca D'Acci",
keywords = "Urban morphology, Isobenefit Urbanism, Utopia, Future megacity, Urbanization, Real estate market",
file={Biblio/DomainSpecific/UrbanMorphology/1-s2.0-S0301479719307571-main.pdf}
}



@article{song2019multifractal,
	Author = {SONG, Zhijun and YU, Linjun},
	Journal = {Palgrave Communications},
	Number = {1},
	Pages = {5},
	Title = {Multifractal features of spatial variation in construction land in Beijing (1985--2015)},
	Volume = {5},
	Year = {2019},
	file={Biblio/DomainSpecific/UrbanMorphology/s41599-019-0257-2.pdf}
}




@article{oliveira2016morpho,
  title={Morpho: Combining morphological measures},
  author={Oliveira, V{\'\i}tor and Medeiros, Valerio},
  journal={Environment and Planning B: Planning and Design},
  volume={43},
  number={5},
  pages={805--825},
  year={2016},
  publisher={SAGE Publications Sage UK: London, England},
  file={Biblio/DomainSpecific/UrbanMorphology/oliveira2015.pdf}
}



@article{leon2016urban,
  title={An urban form response to disaster vulnerability: Improving tsunami evacuation in Iquique, Chile},
  author={Le{\'o}n, Jorge and March, Alan},
  journal={Environment and Planning B: Planning and Design},
  volume={43},
  number={5},
  pages={826--847},
  year={2016},
  publisher={SAGE Publications Sage UK: London, England},
  file={Biblio/DomainSpecific/UrbanMorphology/0265813515597229.pdf}
}


@article{10.1088/1748-9326/ab2081,
	author={Carl Pierer and Felix Creutzig},
	title={Star-shaped cities alleviate trade-off between climate change mitigation and adaptation},
	journal={Environmental Research Letters},
	url={http://iopscience.iop.org/10.1088/1748-9326/ab2081},
	year={2019},
	abstract={To deal with climate change, cities must reduce their greenhouse gas emissions and at the same time mitigate climate impacts associated with the physical infrastructure of the built environment. One strand of literature demonstrates that compact cities of sufficient density result in lower greenhouse gas emissions in the transport and the buildings sectors compared to sprawled cities. Another strand of literature, however, reveals that compactness hinders climate adaptation by amplifying the urban heat island effect. &amp;#13; As a result, mitigation and adaptation objectives of cities appear to oppose each other. Here, we develop a geometrical optimization framework and model of a three-dimensional city that minimises this conflict. It makes use of the observation that low-carbon efficient transport can be realized via linear public transport axes, and that greenhouse gas emissions and urban heat island effects scale differently with varying geometric properties, thus enabling design that reflects both the economics and the climate of cities. &amp;#13; We find that star-shaped cities, in contrast to radially symmetric cities, are well suited to alleviate the problematic trade-off. We also demonstrate that urban design considerations depend on transport fuel prices. &amp;#13; The results are of particular importance for city planners of rapidly urbanizing cities in Asia and Africa who still have the potential to shape urban layout.},
file={Biblio/DomainSpecific/UrbanMorphology/Pierer+et+al_2019_Environ._Res._Lett._10.1088_1748-9326_ab2081.pdf}
}


@article{brelsford2015topology,
  title={The topology of cities},
  author={Brelsford, Christa and Martin, Taylor and Hand, Joe and Bettencourt, Lu{\'\i}s MA},
  journal={SFI Working Paper},
  year={2015},
  file={Biblio/DomainSpecific/UrbanMorphology/15-06-021.pdf}
}



@Article{semecurbe2018,
author={"S{\'e}m{\'e}curbe, Fran{\c{c}}ois
and Tannier, C{\'e}cile
and Roux, St{\'e}phane G."},
title={"Applying two fractal methods to characterise the local and global deviations from scale invariance of built patterns throughout mainland France"},
journal={"Journal of Geographical Systems"},
year={"2018"},
month={"Dec"},
day={"10"},
abstract={"In the early twentieth century, a handful of French geographers and historians famously suggested that mainland France comprised two agrarian systems: enclosed field systems with scattered settlements in the central and western France and openfield systems with grouped settlements in eastern France. This division between grouped and scattered settlements can still be found on the outskirts of urban areas. The objective of this paper is to determine whether the shape of urban areas varies with the type of built patterns in their periphery. To this end, we identify and characterise the local and global deviations from scale invariance of built patterns in mainland France. For this, we propose a new method---Geographically Weighted Fractal Analysis---that can characterise built patterns at a fine spatial resolution without making any a priori distinction between urban patterns and suburban or rural patterns. By applying GWFA to the spatial distribution of buildings throughout mainland France we identify six geographically consistent types of built patterns that are distinctive in the way buildings are either concentrated or dispersed across scales. The relationship between the local built textures and the global shape of twenty metropolitan areas is then analysed statistically. It is found that the proportion of dispersed (or concentrated) outer suburban built patterns in metropolitan areas is closely related to the distance threshold that marks the morphological limit of their urban areas."},
issn={"1435-5949"},
doi={"10.1007/s10109-018-0286-1"},
url={"https://doi.org/10.1007/s10109-018-0286-1"},
file={Biblio/DomainSpecific/UrbanMorphology/Sémécurbe2018_Article_ApplyingTwoFractalMethodsToCha.pdf}
}




@book{dacci2019mathematics,
author={D'acci, L.},
title={The Mathematics of Urban Morphology},
year={2019},
publisher={Springer Nature Switzerland AG 2019. Birkhäuser, Cham},
file={Biblio/DomainSpecific/UrbanMorphology/10.1007@978-3-030-12381-9.pdf}
}

@article{domingo2019graph,
  title={A graph-based approach for the structural analysis of road and building layouts},
  author={Domingo, Mathieu and Thibaud, R{\'e}my and Claramunt, Christophe},
  journal={Geo-spatial Information Science},
  volume={22},
  number={1},
  pages={59--72},
  year={2019},
  publisher={Taylor \& Francis},
  file={Biblio/DomainSpecific/UrbanMorphology/A%20graph%20based%20approach%20for%20the%20structural%20analysis%20of%20road%20and%20building%20layouts.pdf}
}


@article{camara2000mathematical,
  title={Mathematical morphology applied to raster generalization of urban city block maps},
  author={C{\'a}mara, Manuel and L{\'o}pez, Francisco},
  journal={Cartographica: the International Journal for Geographic Information and Geovisualization},
  volume={37},
  number={1},
  pages={33--48},
  year={2000},
  publisher={University of Toronto Press},
  file={Biblio/DomainSpecific/UrbanMorphology/10.3138@A428-760T-1647-84P2.pdf}
}



@misc{morley2014twenty,
  title={Twenty-First International Seminar on Urban Form, Porto, Portugal, 3-6 July 2014},
  author={Morley, Ian},
  year={2014},
  publisher={INT SEMINAR URBAN FORM UNIV CHICAGO, COMMITTEE GEOGRAPHICAL STUDIES, 5828 S UNIVERSITY AVE, 60637-1583 CHICAGO, IL USA},
  file={Biblio/DomainSpecific/UrbanMorphology/ISUF2014_report.pdf}
}


@article{schindler2018emerging,
  title={Emerging urban form--Emerging pollution: Modelling endogenous health and environmental effects of traffic on residential choice},
  author={Schindler, Mirjam and Caruso, Geoffrey},
  journal={Environment and Planning B: Urban Analytics and City Science},
  pages={2399808318783206},
  year={2018},
  publisher={SAGE Publications Sage UK: London, England},
  file={Biblio/DomainSpecific/UrbanMorphology/schindler2018.pdf}
}


@article{arrouf2015mesures,
  title={Mesures fractales de l’identit{\'e} morphique pour des tissus urbains dans la ville alg{\'e}rienne de Batna},
  author={Arrouf, Abdelmalek and Kacha, Lemya and Mansouri, Ahmed},
  journal={Cybergeo: European Journal of Geography},
  year={2015},
  publisher={CNRS-UMR G{\'e}ographie-cit{\'e}s 8504}
}

