


@article{gu2020system,
  title={System dynamics modelling of urbanization under energy constraints in China},
  author={Gu, Chaolin and Ye, Xinyue and Cao, Qiwen and Guan, Weihua and Peng, Chong and Wu, Yutong and Zhai, Wei},
  journal={Scientific Reports},
  volume={10},
  number={1},
  pages={1--16},
  year={2020},
  publisher={Nature Publishing Group},
  file={Biblio/DomainSpecific/UrbanSustainability/s41598-020-66125-3.pdf}
}


@article{zhou2018gini,
  title={A Gini approach to spatial CO2 emissions},
  author={Zhou, Bin and Thies, Stephan and Gudipudi, Ramana and L{\"u}deke, Matthias KB and Kropp, J{\"u}rgen P and Rybski, Diego},
  journal={arXiv preprint arXiv:1810.01133},
  year={2018},file={Biblio/DomainSpecific/UrbanSustainability/
  file={Biblio/DomainSpecific/UrbanSustainability/1810.01133.pdf}
}


@article{manoli2019magnitude,
  title={Magnitude of urban heat islands largely explained by climate and population},
  author={Manoli, Gabriele and Fatichi, Simone and Schl{\"a}pfer, Markus and Yu, Kailiang and Crowther, Thomas W and Meili, Naika and Burlando, Paolo and Katul, Gabriel G and Bou-Zeid, Elie},
  journal={Nature},
  volume={573},
  number={7772},
  pages={55--60},
  year={2019},
  publisher={Nature Publishing Group},
  file={Biblio/DomainSpecific/UrbanSustainability/s41586-019-1512-9.pdf}
}


@article{franccois2017environmental,
  title={Environmental assessment of urban mobility: Combining life cycle assessment with land-use and transport interaction modellingâ€”Application to Lyon (France)},
  author={Fran{\c{c}}ois, Cyrille and Gondran, Natacha and Nicolas, Jean-Pierre and Parsons, David},
  journal={Ecological Indicators},
  volume={72},
  pages={597--604},
  year={2017},
  publisher={Elsevier},
  file={Biblio/DomainSpecific/UrbanSustainability/10.1016@j.ecolind.2016.07.014.pdf}
}

