

@article{perkel2021python,
title={Python power-up: new image tool visualizes complex data},
author={Perkel, J.M.},
journal={Nature},
volumme={600},
pages={347-348},
year={2021},
doi={10.1038/d41586-021-03628-7},
file={Biblio/DomainSpecific/Visualisation/d41586-021-03628-7.pdf},
url={https://www.nature.com/articles/d41586-021-03628-7}
}

