


@article{huang2021dsem,
  title={DSEM-SW: a data-service enhanced scientific workflow middleware for cloud computing},
  author={Huang, Kun and Han, Ning},
  journal={International Journal of Networking and Virtual Organisations},
  volume={24},
  number={2},
  pages={126--143},
  year={2021},
  publisher={Inderscience Publishers (IEL)},
  doi={10.1504/IJNVO.2021.114729},
  url={https://www.inderscienceonline.com/doi/abs/10.1504/IJNVO.2021.114729}
}


@inproceedings{cordasco2019fly,
  title={FLY: A Domain-Specific Language for Scientific Computing on FaaS},
  author={Cordasco, Gennaro and Dâ€™Auria, Matteo and Negro, Alberto and Scarano, Vittorio and Spagnuolo, Carmine},
  booktitle={European Conference on Parallel Processing},
  pages={531--544},
  year={2019},
  organization={Springer},
  file={Biblio/DomainSpecific/WorkflowSystems/FLY_A_DomainSpecificLanguage_for_Scientific_Computing_on_FaaS.pdf}
}

