



@article{politis1992bootstrap,
  title={Bootstrap confidence bands for spectra and cross-spectra},
  author={Politis, Dimitris N and Romano, Joseph P and Lai, T-L},
  journal={IEEE Transactions on Signal Processing},
  volume={40},
  number={5},
  pages={1206--1215},
  year={1992},
  publisher={IEEE},
  file={Docs/politis1992.pdf}
}


@article{balthasar2015distributed,
  title={Distributed Multi-Target Tracking in Autonomous Sensor Networks},
  author={Balthasar, Mark R and Braca, Paolo and Zoubir, Abdelhak M},
  journal={arXiv preprint arXiv:1505.01668},
  year={2015},
  file={Docs/1505.01668v2.pdf}
}

