

@article{saltelli2010variance,
  title={Variance based sensitivity analysis of model output. Design and estimator for the total sensitivity index},
  author={Saltelli, Andrea and Annoni, Paola and Azzini, Ivano and Campolongo, Francesca and Ratto, Marco and Tarantola, Stefano},
  journal={Computer Physics Communications},
  volume={181},
  number={2},
  pages={259--270},
  year={2010},
  publisher={Elsevier},
  file={Docs/saltelli2010.pdf}
}


