

@article{bourne2019empty,
  title={Empty homes: mapping the extent and value of low-use domestic property in England and Wales},
  author={Bourne, Jonathan},
  journal={Palgrave Communications},
  volume={5},
  number={1},
  pages={9},
  year={2019},
  publisher={Nature Publishing Group},
  file={Docs/s41599-019-0216-y.pdf}
}

