
@article{klein2018global,
	  title={Global increase and geographic convergence in antibiotic consumption between 2000 and 2015},
	    author={Klein, Eili Y and Van Boeckel, Thomas P and Martinez, Elena M and Pant, Suraj and Gandra, Sumanth and Levin, Simon A and Goossens, Herman and Laxminarayan, Ramanan},
	      journal={Proceedings of the National Academy of Sciences},
	        pages={201717295},
		  year={2018},
		    publisher={National Acad Sciences},
		    file={Docs/E3463.full.pdf}
}


@article{janssen2017greater,
	  title={Greater mindful eating practice is associated with better reversal learning},
	    author={Janssen, Lieneke and Duif, Iris and van Loon, Ilke and de Vries, Jeanne and Speckens, Anne and Cools, Roshan and Aarts, Esther},
	      year={2017},
	        publisher={PsyArXiv},
		file={Docs/s41598-018-24001-1.pdf}
}


