



@article{geng2019how,
  title={How to globalize the circular economy},
  author={Geng Y. and Sarkis, J. and Bleischwitz, R.},
  journal={Nature},
  volume={565}, 
  pages={153--155},
  year={2019},
  doi={10.1038/d41586-019-00017-z},
  url={https://www.nature.com/articles/d41586-019-00017-z}
}

