
@article{chrysikou2018we,
  title={Why we need new architectural and design paradigms to meet the needs of vulnerable people},
  author={Chrysikou, Evangelia},
  journal={Palgrave Communications},
  volume={4},
  number={1},
  pages={116},
  year={2018},
  publisher={Nature Publishing Group},
  file={Docs/s41599-018-0171-z.pdf}
}

