


@article{jia2016nonequilibrium,
  title={Nonequilibrium enhances adaptation efficiency of stochastic biochemical systems},
  author={Jia, Chen and Qian, Minping},
  journal={PloS one},
  volume={11},
  number={5},
  pages={e0155838},
  year={2016},
  publisher={Public Library of Science},
  file={Docs/journal.pone.0155838.PDF}
}


@ARTICLE{2016arXiv161200036L,
   author = {{Libby}, E. and {Grochow}, J. and {DeDeo}, S. and {Wolpert}, D.
	},
    title = "{A quantitative definition of organismality and its application to lichen}",
  journal = {ArXiv e-prints},
archivePrefix = "arXiv",
   eprint = {1612.00036},
 primaryClass = "q-bio.OT",
 keywords = {Quantitative Biology - Other Quantitative Biology},
     year = 2016,
    month = nov,
   adsurl = {http://adsabs.harvard.edu/abs/2016arXiv161200036L},
  adsnote = {Provided by the SAO/NASA Astrophysics Data System},
  file={Docs/1612.00036.pdf}
}



@article{cuesta2015fast,
	Author = {Cuesta, F Alcalde and Sequeiros, P Gonz{\'a}lez and Rojo, {\'A} Lozano},
	Date-Added = {2016-03-14 17:28:25 +0000},
	Date-Modified = {2016-03-14 17:28:25 +0000},
	Journal = {Biosystems},
	Pages = {25--35},
	Publisher = {Elsevier},
	Title = {Fast and asymptotic computation of the fixation probability for Moran processes on graphs},
	Volume = {129},
	Year = {2015},
	Bdsk-File-1 = {YnBsaXN0MDDUAQIDBAUGJCVYJHZlcnNpb25YJG9iamVjdHNZJGFyY2hpdmVyVCR0b3ASAAGGoKgHCBMUFRYaIVUkbnVsbNMJCgsMDxJXTlMua2V5c1pOUy5vYmplY3RzViRjbGFzc6INDoACgAOiEBGABIAFgAdccmVsYXRpdmVQYXRoWWFsaWFzRGF0YV8QJkRvY3MvMS1zMi4wLVMwMzAzMjY0NzE1MDAwMDg4LW1haW4ucGRm0hcLGBlXTlMuZGF0YU8RAlQAAAAAAlQAAgAADE1hY2ludG9zaCBIRAAAAAAAAAAAAAAAAAAAAMpBBgxIKwAABCgXiR8xLXMyLjAtUzAzMDMyNjQ3MTUwIzI1QTdFNkQucGRmAAAAAAAAAAAAAAAAAAAAAAAAAAAAAAAAAAAAAAAAAAACWn5t0UF8yAAAAAAAAAAAAAEAAwAACSAAAAAAAAAAAAAAAAAAAAAERG9jcwAQAAgAAMpA6ewAAAARAAgAANFBYKgAAAABACAEKBeJBCgXhQOxvfkAqZh6AJDCKQAFAhUABQIUAAC+7AACAIdNYWNpbnRvc2ggSEQ6VXNlcnM6AEp1c3RlOgBEb2N1bWVudHM6AENvbXBsZXhTeXN0ZW1zOgBCaWJsaW86AERvbWFpblNwZWNpZmljOgBUaGVvcmV0aWNhbEJpb2xvZ3k6AERvY3M6ADEtczIuMC1TMDMwMzI2NDcxNTAjMjVBN0U2RC5wZGYAAA4ARAAhADEALQBzADIALgAwAC0AUwAwADMAMAAzADIANgA0ADcAMQA1ADAAMAAwADAAOAA4AC0AbQBhAGkAbgAuAHAAZABmAA8AGgAMAE0AYQBjAGkAbgB0AG8AcwBoACAASABEABIAdFVzZXJzL0p1c3RlL0RvY3VtZW50cy9Db21wbGV4U3lzdGVtcy9CaWJsaW8vRG9tYWluU3BlY2lmaWMvVGhlb3JldGljYWxCaW9sb2d5L0RvY3MvMS1zMi4wLVMwMzAzMjY0NzE1MDAwMDg4LW1haW4ucGRmABMAAS8AABUAAgAM//8AAIAG0hscHR5aJGNsYXNzbmFtZVgkY2xhc3Nlc11OU011dGFibGVEYXRhox0fIFZOU0RhdGFYTlNPYmplY3TSGxwiI1xOU0RpY3Rpb25hcnmiIiBfEA9OU0tleWVkQXJjaGl2ZXLRJidUcm9vdIABAAgAEQAaACMALQAyADcAQABGAE0AVQBgAGcAagBsAG4AcQBzAHUAdwCEAI4AtwC8AMQDHAMeAyMDLgM3A0UDSQNQA1kDXgNrA24DgAODA4gAAAAAAAACAQAAAAAAAAAoAAAAAAAAAAAAAAAAAAADig==}}

@article{pena2015evolutionary,
	Author = {Pe{\~n}a, Jorge and N{\"o}ldeke, Georg and Lehmann, Laurent},
	Date-Added = {2016-03-14 17:20:31 +0000},
	Date-Modified = {2016-03-14 17:20:31 +0000},
	Journal = {Journal of theoretical biology},
	Pages = {122--136},
	Publisher = {Elsevier},
	Title = {Evolutionary dynamics of collective action in spatially structured populations},
	Volume = {382},
	Year = {2015},
	Bdsk-File-1 = {YnBsaXN0MDDUAQIDBAUGJCVYJHZlcnNpb25YJG9iamVjdHNZJGFyY2hpdmVyVCR0b3ASAAGGoKgHCBMUFRYaIVUkbnVsbNMJCgsMDxJXTlMua2V5c1pOUy5vYmplY3RzViRjbGFzc6INDoACgAOiEBGABIAFgAdccmVsYXRpdmVQYXRoWWFsaWFzRGF0YV8QJkRvY3MvMS1zMi4wLVMwMDIyNTE5MzE1MDAzMTg1LW1haW4ucGRm0hcLGBlXTlMuZGF0YU8RAlQAAAAAAlQAAgAADE1hY2ludG9zaCBIRAAAAAAAAAAAAAAAAAAAAMpBBgxIKwAABCgXiR8xLXMyLjAtUzAwMjI1MTkzMTUwIzJFNDQwQjIucGRmAAAAAAAAAAAAAAAAAAAAAAAAAAAAAAAAAAAAAAAAAAAC5ECy0dg0iAAAAAAAAAAAAAEAAwAACSAAAAAAAAAAAAAAAAAAAAAERG9jcwAQAAgAAMpA6ewAAAARAAgAANHYGGgAAAABACAEKBeJBCgXhQOxvfkAqZh6AJDCKQAFAhUABQIUAAC+7AACAIdNYWNpbnRvc2ggSEQ6VXNlcnM6AEp1c3RlOgBEb2N1bWVudHM6AENvbXBsZXhTeXN0ZW1zOgBCaWJsaW86AERvbWFpblNwZWNpZmljOgBUaGVvcmV0aWNhbEJpb2xvZ3k6AERvY3M6ADEtczIuMC1TMDAyMjUxOTMxNTAjMkU0NDBCMi5wZGYAAA4ARAAhADEALQBzADIALgAwAC0AUwAwADAAMgAyADUAMQA5ADMAMQA1ADAAMAAzADEAOAA1AC0AbQBhAGkAbgAuAHAAZABmAA8AGgAMAE0AYQBjAGkAbgB0AG8AcwBoACAASABEABIAdFVzZXJzL0p1c3RlL0RvY3VtZW50cy9Db21wbGV4U3lzdGVtcy9CaWJsaW8vRG9tYWluU3BlY2lmaWMvVGhlb3JldGljYWxCaW9sb2d5L0RvY3MvMS1zMi4wLVMwMDIyNTE5MzE1MDAzMTg1LW1haW4ucGRmABMAAS8AABUAAgAM//8AAIAG0hscHR5aJGNsYXNzbmFtZVgkY2xhc3Nlc11OU011dGFibGVEYXRhox0fIFZOU0RhdGFYTlNPYmplY3TSGxwiI1xOU0RpY3Rpb25hcnmiIiBfEA9OU0tleWVkQXJjaGl2ZXLRJidUcm9vdIABAAgAEQAaACMALQAyADcAQABGAE0AVQBgAGcAagBsAG4AcQBzAHUAdwCEAI4AtwC8AMQDHAMeAyMDLgM3A0UDSQNQA1kDXgNrA24DgAODA4gAAAAAAAACAQAAAAAAAAAoAAAAAAAAAAAAAAAAAAADig==}}

@article{le2014reproduction,
	Author = {Le Cunff, Yann and Pakdaman, Khashayar},
	Date-Added = {2016-03-14 17:19:46 +0000},
	Date-Modified = {2016-03-14 17:19:46 +0000},
	Journal = {Journal of theoretical biology},
	Pages = {263--270},
	Publisher = {Elsevier},
	Title = {Reproduction cost reduces demographic stochasticity and enhances inter-individual compatibility},
	Volume = {360},
	Year = {2014},
	Bdsk-File-1 = {YnBsaXN0MDDUAQIDBAUGJCVYJHZlcnNpb25YJG9iamVjdHNZJGFyY2hpdmVyVCR0b3ASAAGGoKgHCBMUFRYaIVUkbnVsbNMJCgsMDxJXTlMua2V5c1pOUy5vYmplY3RzViRjbGFzc6INDoACgAOiEBGABIAFgAdccmVsYXRpdmVQYXRoWWFsaWFzRGF0YV8QJkRvY3MvMS1zMi4wLVMwMDIyNTE5MzE0MDA0MDE5LW1haW4ucGRm0hcLGBlXTlMuZGF0YU8RAlQAAAAAAlQAAgAADE1hY2ludG9zaCBIRAAAAAAAAAAAAAAAAAAAAMpBBgxIKwAABCgXiR8xLXMyLjAtUzAwMjI1MTkzMTQwIzQyMEZGMEQucGRmAAAAAAAAAAAAAAAAAAAAAAAAAAAAAAAAAAAAAAAAAAAEIP8N0vz94wAAAAAAAAAAAAEAAwAACSAAAAAAAAAAAAAAAAAAAAAERG9jcwAQAAgAAMpA6ewAAAARAAgAANL879MAAAABACAEKBeJBCgXhQOxvfkAqZh6AJDCKQAFAhUABQIUAAC+7AACAIdNYWNpbnRvc2ggSEQ6VXNlcnM6AEp1c3RlOgBEb2N1bWVudHM6AENvbXBsZXhTeXN0ZW1zOgBCaWJsaW86AERvbWFpblNwZWNpZmljOgBUaGVvcmV0aWNhbEJpb2xvZ3k6AERvY3M6ADEtczIuMC1TMDAyMjUxOTMxNDAjNDIwRkYwRC5wZGYAAA4ARAAhADEALQBzADIALgAwAC0AUwAwADAAMgAyADUAMQA5ADMAMQA0ADAAMAA0ADAAMQA5AC0AbQBhAGkAbgAuAHAAZABmAA8AGgAMAE0AYQBjAGkAbgB0AG8AcwBoACAASABEABIAdFVzZXJzL0p1c3RlL0RvY3VtZW50cy9Db21wbGV4U3lzdGVtcy9CaWJsaW8vRG9tYWluU3BlY2lmaWMvVGhlb3JldGljYWxCaW9sb2d5L0RvY3MvMS1zMi4wLVMwMDIyNTE5MzE0MDA0MDE5LW1haW4ucGRmABMAAS8AABUAAgAM//8AAIAG0hscHR5aJGNsYXNzbmFtZVgkY2xhc3Nlc11OU011dGFibGVEYXRhox0fIFZOU0RhdGFYTlNPYmplY3TSGxwiI1xOU0RpY3Rpb25hcnmiIiBfEA9OU0tleWVkQXJjaGl2ZXLRJidUcm9vdIABAAgAEQAaACMALQAyADcAQABGAE0AVQBgAGcAagBsAG4AcQBzAHUAdwCEAI4AtwC8AMQDHAMeAyMDLgM3A0UDSQNQA1kDXgNrA24DgAODA4gAAAAAAAACAQAAAAAAAAAoAAAAAAAAAAAAAAAAAAADig==}}
