



@article{tong1997advantages,
  title={The advantages of a high density, mixed land use, linear urban development},
  author={Tong, CO and Wong, SC},
  journal={Transportation},
  volume={24},
  number={3},
  pages={295--307},
  year={1997},
  publisher={Springer},
  file={Docs/tong1997.pdf}
}

@article{shao2018taiwanese,
  title={How the Taiwanese Do China Studies: Applications of Text Mining},
  author={Shao, Hsuan-Lei and Huang, Sieh-Chuen and Tsai, Yun-Cheng},
  journal={arXiv preprint arXiv:1801.00912},
  year={2018},
  file={Docs/1801.00912.pdf}
}

