
@article{bar2003systems,
  title={When Systems Engineering Fails---Toward Complex Systems Engineering},
  author={Bar-Yam, Yaneer},
  journal={Exchange},
  volume={16},
  pages={1990--1993},
  year={2003},
  file={Docs/E3-IEEE_final.pdf}
}


