

@article{lande2017evolution,
  title={Evolution of stochastic demography with life history tradeoffs in density-dependent age-structured populations},
  author={Lande, Russell and Engen, Steinar and S{\ae}ther, Bernt-Erik},
  journal={Proceedings of the National Academy of Sciences},
  pages={201710679},
  year={2017},
  publisher={National Acad Sciences},
  file={Docs/10.1073@pnas.1710679114.pdf}
}


