


@article{costa2019place,
	Author = {Costa, Ros{\'a}rio Couto},
	Journal = {Palgrave Communications},
	Number = {1},
	Pages = {38},
	Title = {The place of the humanities in today's knowledge society},
	Volume = {5},
	Year = {2019},
	file={Docs/s41599-019-0245-6.pdf}
}


