


@article{kirsten2019into,
title={Into darkness},
author={Kirsten, A.},
journal={Nature},
volume={570},
pages={270},
year={2019},
doi={10.1038/d41586-019-01798-z},
file={Docs/d41586-019-01798-z.pdf}
}


@article{wilson2019brick,
title={Brick city},
author={Wilson, R. S.},
journal={Nature},
year={2019},
volume={569},
pages={302},
url={https://www.nature.com/articles/d41586-019-01429-7},
file={Docs/d41586-019-01429-7.pdf}
}


@article{pankau2019please,
  author={Pankau, K.},
  title={Please [redacted] my last e-mail},
  journal={Nature},
  year={2019},
  file={Docs/d41586-019-00797-4.pdf}
}


@article{skains2019teaching,
  title={Teaching digital fiction: integrating experimental writing and current technologies},
  author={Skains, R Lyle},
  journal={Palgrave Communications},
  volume={5},
  number={1},
  pages={13},
  year={2019},
  publisher={Nature Publishing Group},
  file={Docs/s41599-019-0223-z.pdf}
}

