


@article{dong2017lamost,
  title={LAMOST telescope reveals that Neptunian cousins of hot Jupiters are mostly single offspring of stars that are rich in heavy elements},
  author={Dong, Subo and Xie, Ji-Wei and Zhou, Ji-Lin and Zheng, Zheng and Luo, Ali},
  journal={Proceedings of the National Academy of Sciences},
  pages={201711406},
  year={2017},
  publisher={National Acad Sciences},
  file={Docs/10.1073@pnas.1711406115.pdf}
}


@article{dong2018atmospheric,
  title={Atmospheric escape from the TRAPPIST-1 planets and implications for habitability},
  author={Dong, Chuanfei and Jin, Meng and Lingam, Manasvi and Airapetian, Vladimir S and Ma, Yingjuan and van der Holst, Bart},
  journal={Proceedings of the National Academy of Sciences},
  volume={115},
  number={2},
  pages={260--265},
  year={2018},
  publisher={National Acad Sciences},
  file={Docs/10.1073@pnas.1708010115.pdf}
}



