

@article{fox2019tiny,
author={Fox, D.},
title={Tiny animal carcasses found in buried Antarctic lake},
journal={Nature},
year={2019},
volume={565},
pages={405--406},
doi={10.1038/d41586-019-00106-z},
file={Docs/d41586-019-00106-z.pdf}
}


@article{mcphee2018giant,
	Author = {McPhee, Blair W. and Benson, Roger B. J. and Botha-Brink, Jennifer and Bordy, Emese M. and Choiniere, Jonah N.},
	Journal = {Current Biology},
	Month = {2018/10/04},
	Title = {A Giant Dinosaur from the Earliest Jurassic of South Africa and the Transition to Quadrupedality in Early Sauropodomorphs},
	file={Docs/PIIS096098221830993X.pdf}
}



@article{cavin2017heterochronic,
  title={Heterochronic evolution explains novel body shape in a Triassic coelacanth from Switzerland},
  author={Cavin, Lionel and Mennecart, Bastien and Obrist, Christian and Costeur, Lo{\"\i}c and Furrer, Heinz},
  journal={Scientific Reports},
  volume={7},
  number={1},
  pages={13695},
  year={2017},
  publisher={Nature Publishing Group},
  file={Docs/s41598-017-13796-0.pdf}
}


