


@article{thepsoonthorn2018relationship,
	Author = {Thepsoonthorn, Chidchanok and Ogawa, Ken-ichiro and Miyake, Yoshihiro},
	Journal = {Scientific Reports},
	Number = {1},
	Pages = {8435},
	Title = {The Relationship between Robot's Nonverbal Behaviour and Human's Likability Based on Human's Personality},
	Volume = {8},
	Year = {2018},
	file={Docs/s41598-018-25314-x.pdf}
}


