



@article{diprete2018genetic,
  title={Genetic instrumental variable regression: Explaining socioeconomic and health outcomes in nonexperimental data},
  author={DiPrete, Thomas A and Burik, Casper AP and Koellinger, Philipp D},
  journal={Proceedings of the National Academy of Sciences},
  pages={201707388},
  year={2018},
  publisher={National Acad Sciences},
  file={Docs/E4970.full.pdf}
}




@article{sharma2018ancient,
  title={Ancient Human Migrations to and through Jammu Kashmir-India were not of Males Exclusively},
  author={Sharma, Indu and Sharma, Varun and Khan, Akbar and Kumar, Parvinder and Rai, Ekta and Bamezai, Rameshwar NK and Vilar, Miguel and Sharma, Swarkar},
  journal={Scientific reports},
  volume={8},
  number={1},
  pages={851},
  year={2018},
  publisher={Nature Publishing Group},
  file={Docs/s41598-017-18893-8.pdf}
}



@article{crouch2018genetics,
  title={Genetics of the human face: Identification of large-effect single gene variants},
  author={Crouch, Daniel JM and Winney, Bruce and Koppen, Willem P and Christmas, William J and Hutnik, Katarzyna and Day, Tammy and Meena, Devendra and Boumertit, Abdelhamid and Hysi, Pirro and Nessa, Ayrun and others},
  journal={Proceedings of the National Academy of Sciences},
  pages={201708207},
  year={2018},
  publisher={National Acad Sciences},
  file={Docs/10.1073@pnas.1708207114.pdf}
}




@article{benazzo2017survival,
  title={Survival and divergence in a small group: The extraordinary genomic history of the endangered Apennine brown bear stragglers},
  author={Benazzo, Andrea and Trucchi, Emiliano and Cahill, James A and Delser, Pierpaolo Maisano and Mona, Stefano and Fumagalli, Matteo and Bunnefeld, Lynsey and Cornetti, Luca and Ghirotto, Silvia and Girardi, Matteo and others},
  journal={Proceedings of the National Academy of Sciences},
  volume={114},
  number={45},
  pages={E9589--E9597},
  year={2017},
  publisher={National Acad Sciences},
  file={Docs/10.1073@pnas.1707279114.pdf}
}


@article{lipson2017parallel,
  title={Parallel palaeogenomic transects reveal complex genetic history of early European farmers},
  author={Lipson, Mark and Sz{\'e}cs{\'e}nyi-Nagy, Anna and Mallick, Swapan and P{\'o}sa, Annam{\'a}ria and St{\'e}gm{\'a}r, Bal{\'a}zs and Keerl, Victoria and Rohland, Nadin and Stewardson, Kristin and Ferry, Matthew and Michel, Megan and others},
  journal={Nature},
  volume={551},
  number={7680},
  pages={368},
  year={2017},
  publisher={Nature Publishing Group},
  file={Docs/10.1038@nature24476.pdf}
}
