


@article{frankhauser2018integrated,
  title={An integrated multifractal modelling to urban and regional planning},
  author={Frankhauser, Pierre and Tannier, C{\'e}cile and Vuidel, Gilles and Houot, H{\'e}l{\`e}ne},
  journal={Computers, Environment and Urban Systems},
  volume={67},
  pages={132--146},
  year={2018},
  publisher={Elsevier},
  file={Docs/1-s2.0-S0198971517302168-main.pdf}
}


