



@article{goymer2019frozen,
  author={Goymer, P.},
  title={Frozen arias for the Anthropocene epoch},
  journal={Nature},
  year={2019},
  url={https://www.nature.com/articles/d41586-019-00640-w}
}


@article{Shneiderman1837,
	author = {Shneiderman, Ben},
	title = {Creativity and collaboration: Revisiting cybernetic serendipity},
	volume = {116},
	number = {6},
	pages = {1837--1843},
	year = {2019},
	doi = {10.1073/pnas.1807200116},
	publisher = {National Academy of Sciences},
	issn = {0027-8424},
	URL = {https://www.pnas.org/content/116/6/1837},
	eprint = {https://www.pnas.org/content/116/6/1837.full.pdf},
	journal = {Proceedings of the National Academy of Sciences},
	file={Docs/1837.full.pdf}
}


@article{kneebone2018science,
  author={Roger Kneebone and Claudia Schlegel and Alan Spivey},
  title={Science in hand: how art and craft can boost reproducibility},
  journal={Nature},
  year={2018},
  volume={564},
  pages={188-189},
  doi={10.1038/d41586-018-07676-4},
  file={Docs/d41586-018-07676-4.pdf}
}



@article{pearlman2018so,
  title={So, one of those tiny alien spaceships has flown into your house. Now what?},
  author={Laura Pearlman},
  journal={Nature},
  volume={563},
  pages={730},
  year={2018},
  doi={10.1038/d41586-018-07517-4},
  file={Docs/d41586-018-07517-4.pdf}
}


@article{tessmer2018how,
  title={How it feels to be swallowed by a black hole},
  author={Gretchen Tessmer},
  journal={Nature},
  volume={563},
  pages={592},
  year={2018},
  file={d41586-018-07441-7.pdf}
}



@ARTICLE{2015arXiv151203301S,
   author = {{Schich}, M.},
    title = "{Figuring Out Art History}",
  journal = {ArXiv e-prints},
archivePrefix = "arXiv",
   eprint = {1512.03301},
 primaryClass = "physics.soc-ph",
 keywords = {Physics - Physics and Society, Quantitative Biology - Populations and Evolution, 91D10 (Primary), 94C15, 68R10 (Secondary), J.5, J.4, J.2, E.1},
     year = 2015,
    month = oct,
   adsurl = {http://adsabs.harvard.edu/abs/2015arXiv151203301S},
  adsnote = {Provided by the SAO/NASA Astrophysics Data System},
  file={Docs/1512.03301.pdf}
}




@ARTICLE{2018arXiv180706623B,
   author = {{Basov}, N. and {De Nooy}, W. and {Nenko}, A.},
    title = "{Emergent Meaning Structures: A Socio-Semantic Network Analysis of Artistic Collectives}",
  journal = {ArXiv e-prints},
archivePrefix = "arXiv",
   eprint = {1807.06623},
 keywords = {Computer Science - Social and Information Networks, Physics - Physics and Society},
     year = 2018,
    month = jul,
   adsurl = {http://adsabs.harvard.edu/abs/2018arXiv180706623B},
  adsnote = {Provided by the SAO/NASA Astrophysics Data System},
  file={Docs/1807.06623.pdf}
}





@article{Beans5303,
	author = {Beans, Carolyn},
	title = {Science and Culture: Artistic endeavors strive to save coral reefs},
	volume = {115},
	number = {21},
	pages = {5303--5305},
	year = {2018},
	doi = {10.1073/pnas.1807178115},
	publisher = {National Academy of Sciences},
	issn = {0027-8424},
	URL = {http://www.pnas.org/content/115/21/5303},
	eprint = {http://www.pnas.org/content/115/21/5303.full.pdf},
	journal = {Proceedings of the National Academy of Sciences},
 	file={Docs/5303.full.pdf}
}



@article{beans2018science,
	  title={Science and Culture: Wearable tech meets tattoo art in a bid to revolutionize both},
	    author={Beans, Carolyn},
	      journal={Proceedings of the National Academy of Sciences},
	        volume={115},
		  number={14},
		    pages={3504--3506},
		      year={2018},
		        publisher={National Acad Sciences},
			file={Docs/3504.full.pdf}
}


