


@misc{kleijnen2008design,
  title={Design and analysis of simulation experiments. International series in operations research and management science},
  author={Kleijnen, Jack PC},
  year={2008},
  publisher={Springer, New York},
  file={Docs/[International Series in Operations Research & Management Science 111] Jack P.C. Kleijnen (auth.) - Design and Analysis of Simulation Experiments (2008, Springer US).pdf}
}

