



@article{Beans5303,
	author = {Beans, Carolyn},
	title = {Science and Culture: Artistic endeavors strive to save coral reefs},
	volume = {115},
	number = {21},
	pages = {5303--5305},
	year = {2018},
	doi = {10.1073/pnas.1807178115},
	publisher = {National Academy of Sciences},
	issn = {0027-8424},
	URL = {http://www.pnas.org/content/115/21/5303},
	eprint = {http://www.pnas.org/content/115/21/5303.full.pdf},
	journal = {Proceedings of the National Academy of Sciences},
 	file={Docs/5303.full.pdf}
}



@article{beans2018science,
	  title={Science and Culture: Wearable tech meets tattoo art in a bid to revolutionize both},
	    author={Beans, Carolyn},
	      journal={Proceedings of the National Academy of Sciences},
	        volume={115},
		  number={14},
		    pages={3504--3506},
		      year={2018},
		        publisher={National Acad Sciences},
			file={Docs/3504.full.pdf}
}


