


@article{reymond2013logique,
  title={La logique ternaire de St{\'e}phane Lupasco et le raisonnement g{\'e}ocartographique bioculturel d’Homo geographicus. L’apport de la notion de couplage transdisciplinaire dans l’approche de l’agr{\'e}gation morphologique des agglom{\'e}rations urbaines},
  author={Reymond, Henri and Cauvin, Colette},
  journal={Cybergeo: European Journal of Geography},
  year={2013},
  publisher={CNRS-UMR G{\'e}ographie-cit{\'e}s 8504},
  url={https://journals.openedition.org/cybergeo/25954}
}

@article{pumain2011debat,
  title={D{\'e}bat entre Denise Pumain et Henri Reymond {\`a} propos de l'article {\guillemotleft}T-Sph{\`e}re{\guillemotright} et m{\'e}diance espace/{\'e}tendue. L’antagoniste contradictoire et le concept de g{\'e}oanthroposyst{\`e}me},
  author={Pumain, Denise and Reymond, Henry},
  journal={Cybergeo: European Journal of Geography},
  year={2011},
  publisher={CNRS-UMR G{\'e}ographie-cit{\'e}s 8504},
  url={https://journals.openedition.org/cybergeo/25076}
}


@article{dupuy2011fracture,
  title={Fracture et d{\'e}pendance: l'enfer des r{\'e}seaux?},
  author={Dupuy, Gabriel},
  journal={Flux},
  number={1},
  pages={6--23},
  year={2011},
  publisher={M{\'e}tropolis},
  file={Docs/FLUX_083_0006.pdf}
}



@article {Batty20170236,
	author = {Batty, Michael},
	title = {Visualizing aggregate movement in cities},
	volume = {373},
	number = {1753},
	year = {2018},
	doi = {10.1098/rstb.2017.0236},
	publisher = {The Royal Society},
	abstract = {We argue here that despite the focus in cities on location and place, it is increasingly clear that a requisite understanding of how cities evolve and change depends on a thorough understanding of human movements at aggregate scales where we can observe emergent patterns in networks and flow systems. We argue that the location of activities must be understood as summations or syntheses of movements or flows, with a much clearer link between flows, activities and the networks that carry and support them. To this end, we introduce a generic class of models that enable aggregated flows of many different kinds of social and economic activity, ranging from the journey to work to email traffic, to be predicted using ideas from discrete choice theory in economics which has analogies to gravitation. We also argue that visualization is an essential construct in making sense of flows but that there are important limitations to illustrating pictorially systems with millions of component parts. To demonstrate these, we introduce a class of generic spatial interaction models and present two illustrations. Our first application is based on transit flows within the high-frequency city over very short time periods of minutes and hours for data from the London Underground. Our second application scales up these models from districts and cities to the nation, and we demonstrate how flows of people from home to work and vice versa define cities and related settlements at much coarser scales. We contrast this approach with more disaggregate, individual studies of flow systems in cities that we consider an essential complement to the ideas presented here.This article is part of the theme issue {\textquoteleft}Interdisciplinary approaches for uncovering the impacts of architecture on collective behaviour{\textquoteright}.},
	issn = {0962-8436},
	URL = {http://rstb.royalsocietypublishing.org/content/373/1753/20170236},
	eprint = {http://rstb.royalsocietypublishing.org/content/373/1753/20170236.full.pdf},
	journal = {Philosophical Transactions of the Royal Society of London B: Biological Sciences},
	file={Docs/BATTY-PhilTrans-2018.pdf}
}




@article{arnaud2013grand,
  title={Le Grand Paris et l’axe Seine. L’am{\'e}nagement m{\'e}tropolitain {\`a} l’{\^a}ge de la concurrence n{\'e}olib{\'e}rale},
  author={Arnaud, Brennetot and Bussi, Michel and Guermond, Yves},
  journal={M{\'e}tropoles},
  number={13},
  year={2013},
  publisher={ENTPE},
  file={Docs/metropoles-4788.pdf}
}


@article{mesa2015impact,
  title={The Impact of International Crises on Maritime Transportation Based Global Value Chains},
  author={Mesa-Arango, Rodrigo and Narayanan, Badri and Ukkusuri, Satish V},
  journal={Networks and Spatial Economics},
  pages={1--28},
  year={2015},
  publisher={Springer},
  file={Docs/10.1007@s11067-017-9377-7.pdf}
}


@article{fleury2018periurbains,
  title={Les p{\'e}riurbains et leurs espaces publics: enqu{\^e}te sur les franges nord de la m{\'e}tropole parisienne},
  author={Fleury, Antoine},
  journal={Cybergeo: European Journal of Geography},
  year={2018},
  publisher={CNRS-UMR G{\'e}ographie-cit{\'e}s 8504},
  file={Docs/10.0000@journals.openedition.org@generic-1C2CC8CD41AB.pdf}
}



@article{pumain2012theorie,
  title={Une th{\'e}orie g{\'e}ographique pour la loi de Zipf},
  author={Pumain, Denise and others},
  journal={R{\'e}gion et d{\'e}veloppement},
  volume={36},
  number={31-54},
  pages={125--150},
  year={2012},
  file={Docs/3_Pumain.pdf}
}


@ARTICLE{2018arXiv180504510R,
   author = {{Radil}, S.~M. and {Walther}, O.~J.},
    title = "{Social networks and geography: a view from the periphery}",
  journal = {ArXiv e-prints},
archivePrefix = "arXiv",
   eprint = {1805.04510},
 keywords = {Computer Science - Social and Information Networks, Physics - Physics and Society},
     year = 2018,
    month = may,
   adsurl = {http://adsabs.harvard.edu/abs/2018arXiv180504510R},
  adsnote = {Provided by the SAO/NASA Astrophysics Data System},
  file={Docs/1805.04510.pdf}
}




@ARTICLE{2018arXiv180500819J,
	   author = {{Jiang}, B.},
	       title = "{Spatial Heterogeneity, Scale, Data Character, and Sustainable Transport in the Big Data Era}",
	         journal = {ArXiv e-prints},
		 archivePrefix = "arXiv",
		    eprint = {1805.00819},
		     primaryClass = "physics.soc-ph",
		      keywords = {Physics - Physics and Society},
		           year = 2018,
			       month = may,
			          adsurl = {http://adsabs.harvard.edu/abs/2018arXiv180500819J},
				    adsnote = {Provided by the SAO/NASA Astrophysics Data System},
				    file={Docs/1805.00819.pdf}
}

@article{sarkar2018urban,
	  title={Urban scaling and the geographic concentration of inequalities by city size},
	    author={Sarkar, Somwrita},
	      journal={Environment and Planning B: Urban Analytics and City Science},
	        pages={2399808318766070},
		  year={2018},
		    publisher={SAGE Publications Sage UK: London, England},
		    file={Docs/10.1177@2399808318766070.pdf}
}



