



@article{jia2017first,
  title={First Draft on the xInf Model for Universal Physical Computation and Reverse Engineering of Natural Intelligence},
  author={Jia, Hongbo},
  journal={arXiv preprint arXiv:1712.10280},
  year={2017},
  file={Docs/1712.10280.pdf}
}


@article{dronic2017path,
  title={A path to AI},
  author={Dronic, Ion},
  journal={arXiv preprint arXiv:1712.03080},
  year={2017},
  file={Docs/1712.03080.pdf}
}


@article{pinhanez2017computer,
  title={Computer Interfaces to Organizations: Perspectives on Borg-Human Interaction Design},
  author={Pinhanez, Claudio},
  journal={arXiv preprint arXiv:1712.03012},
  year={2017},
  file={Docs/1712.03012.pdf}
}


@article{noothigattu2017voting,
  title={A voting-based system for ethical decision making},
  author={Noothigattu, Ritesh and Gaikwad, Snehalkumar'Neil'S and Awad, Edmond and Dsouza, Sohan and Rahwan, Iyad and Ravikumar, Pradeep and Procaccia, Ariel D},
  journal={arXiv preprint arXiv:1709.06692},
  year={2017},
  file={Docs/1709.06692.pdf}
}

@article{silver2017mastering,
  title={Mastering the game of go without human knowledge},
  author={Silver, David and Schrittwieser, Julian and Simonyan, Karen and Antonoglou, Ioannis and Huang, Aja and Guez, Arthur and Hubert, Thomas and Baker, Lucas and Lai, Matthew and Bolton, Adrian and others},
  journal={Nature},
  volume={550},
  number={7676},
  pages={354},
  year={2017},
  publisher={Nature Publishing Group},
  file={Docs/10.1038@nature24270.pdf}
}

@ARTICLE{2018arXiv180401660H,
	   author = {{Hintze}, A. and {Kirkpatrick}, D. and {Adami}, C.},
	       title = "{The structure of evolved representations across different substrates for artificial intelligence}",
	         journal = {ArXiv e-prints},
		 archivePrefix = "arXiv",
		    eprint = {1804.01660},
		     keywords = {Computer Science - Neural and Evolutionary Computing, Computer Science - Artificial Intelligence, Nonlinear Sciences - Adaptation and Self-Organizing Systems, Quantitative Biology - Neurons and Cognition},
		          year = 2018,
			      month = apr,
			         adsurl = {http://adsabs.harvard.edu/abs/2018arXiv180401660H},
				   adsnote = {Provided by the SAO/NASA Astrophysics Data System},
				   file={Docs/1804.01660.pdf}
}



