



@ARTICLE{2019arXiv190503389S,
       author = {{Schuchardt}, Jan and {Golkov}, Vladimir and {Cremers}, Daniel},
        title = "{Learning to Evolve}",
      journal = {arXiv e-prints},
     keywords = {Computer Science - Neural and Evolutionary Computing, Computer Science - Artificial Intelligence, Computer Science - Computer Vision and Pattern Recognition, Computer Science - Machine Learning, Statistics - Machine Learning, 62M45, 68T05, 68W25, 68T20, 90C40, 91A22, 92D15, 92D25, G.1.6, I.2.6, I.2.8, G.3, I.5.1},
         year = "2019",
        month = "May",
          eid = {arXiv:1905.03389},
        pages = {arXiv:1905.03389},
archivePrefix = {arXiv},
       eprint = {1905.03389},
 primaryClass = {cs.NE},
       adsurl = {https://ui.adsabs.harvard.edu/abs/2019arXiv190503389S},
      adsnote = {Provided by the SAO/NASA Astrophysics Data System},
	file={Docs/1905.03389.pdf}
}





@article{rahwan2019machine,
	Author = {Rahwan, Iyad and Cebrian, Manuel and Obradovich, Nick and Bongard, Josh and Bonnefon, Jean-Fran{\c c}ois and Breazeal, Cynthia and Crandall, Jacob W. and Christakis, Nicholas A. and Couzin, Iain D. and Jackson, Matthew O. and Jennings, Nicholas R. and Kamar, Ece and Kloumann, Isabel M. and Larochelle, Hugo and Lazer, David and McElreath, Richard and Mislove, Alan and Parkes, David C. and Pentland, Alex `Sandy' and Roberts, Margaret E. and Shariff, Azim and Tenenbaum, Joshua B. and Wellman, Michael},
	Journal = {Nature},
	Number = {7753},
	Pages = {477--486},
	Title = {Machine behaviour},
	Volume = {568},
	Year = {2019},
	file={Docs/10.1038@s41586-019-1138-y.pdf}
}




@ARTICLE{2019arXiv190410396S,
       author = {{Santoro}, Adam and {Hill}, Felix and {Barrett}, David and
         {Raposo}, David and {Botvinick}, Matthew and {Lillicrap}, Timothy},
        title = "{Is coding a relevant metaphor for building AI? A commentary on ``Is coding a relevant metaphor for the brain?'', by Romain Brette}",
      journal = {arXiv e-prints},
     keywords = {Quantitative Biology - Neurons and Cognition, Computer Science - Artificial Intelligence, Computer Science - Machine Learning},
         year = "2019",
        month = "Apr",
          eid = {arXiv:1904.10396},
        pages = {arXiv:1904.10396},
archivePrefix = {arXiv},
       eprint = {1904.10396},
 primaryClass = {q-bio.NC},
       adsurl = {https://ui.adsabs.harvard.edu/abs/2019arXiv190410396S},
      adsnote = {Provided by the SAO/NASA Astrophysics Data System},
	file={Docs/1904.10396.pdf}
}





@article{castelvecchi2019ai,
title={AI pioneer: ‘The dangers of abuse are very real’},
author={Castelvecchi, D.},
journal={Nature},
year={2019},
url={https://www.nature.com/articles/d41586-019-00505-2},
doi={10.1038/d41586-019-00505-2}
}




@ARTICLE{2019arXiv190306281C,
       author = {{Croeser}, Sky and {Eckersley}, Peter},
        title = "{Theories of Parenting and their Application to Artificial Intelligence}",
      journal = {arXiv e-prints},
     keywords = {Computer Science - Computers and Society, Computer Science - Artificial Intelligence},
         year = "2019",
        month = "Mar",
          eid = {arXiv:1903.06281},
        pages = {arXiv:1903.06281},
archivePrefix = {arXiv},
       eprint = {1903.06281},
 primaryClass = {cs.CY},
       adsurl = {https://ui.adsabs.harvard.edu/\#abs/2019arXiv190306281C},
      adsnote = {Provided by the SAO/NASA Astrophysics Data System},
	file={Docs/1903.06281.pdf}
}






@article{Mozer3953,
	author = {Mozer, Michael C. and Wiseheart, Melody and Novikoff, Timothy P.},
	title = {Artificial intelligence to support human instruction},
	volume = {116},
	number = {10},
	pages = {3953--3955},
	year = {2019},
	doi = {10.1073/pnas.1900370116},
	publisher = {National Academy of Sciences},
	issn = {0027-8424},
	URL = {https://www.pnas.org/content/116/10/3953},
	eprint = {https://www.pnas.org/content/116/10/3953.full.pdf},
	journal = {Proceedings of the National Academy of Sciences},
	file={Docs/10.1073@pnas.1900370116.pdf}
}



@article{cardon2018revanche,
	Author = {Cardon, Dominique and Cointet, Jean-Philippe and Mazi{\`e}res, Antoine},
	Journal = {R{\'e}seaux},
	Number = {5},
	Pages = {173--220},
	Title = {La revanche des neurones. L'invention des machines inductives et la controverse de l'intelligence artificielle},
	Volume = {211},
	Year = {2018},
	file={Docs/RevancheNeurones_Reseaux.pdf}
}




@ARTICLE{2018arXiv180909261F,
   author = {{Faust}, A. and {Aimone}, J.~B. and {James}, C.~D. and {Tapia}, L.
	},
    title = "{Resilient Computing with Reinforcement Learning on a Dynamical System: Case Study in Sorting}",
  journal = {ArXiv e-prints},
archivePrefix = "arXiv",
   eprint = {1809.09261},
 primaryClass = "cs.AI",
 keywords = {Computer Science - Artificial Intelligence, Computer Science - Machine Learning, Computer Science - Systems and Control},
     year = 2018,
    month = sep,
   adsurl = {http://adsabs.harvard.edu/abs/2018arXiv180909261F},
  adsnote = {Provided by the SAO/NASA Astrophysics Data System},
  file={Docs/1809.09261.pdf}
}




@Article{Dragoni2018,
author="Dragoni, Mauro
and Rospocher, Marco",
title="Applied cognitive computing: challenges, approaches, and real-world experiences",
journal="Progress in Artificial Intelligence",
year="2018",
month="Dec",
day="01",
volume="7",
number="4",
pages="249--250",
issn="2192-6360",
doi="10.1007/s13748-018-0166-4",
url="https://doi.org/10.1007/s13748-018-0166-4",
file={Docs/Dragoni-Rospocher2018_Article_AppliedCognitiveComputingChall.pdf}
}



@ARTICLE{2018arXiv180801076S,
   author = {{Strait}, M. and {Contreras}, V. and {Duarte Vela}, C.},
    title = "{Verbal Disinhibition towards Robots is Associated with General Antisociality}",
  journal = {ArXiv e-prints},
archivePrefix = "arXiv",
   eprint = {1808.01076},
 primaryClass = "cs.CY",
 keywords = {Computer Science - Computers and Society},
     year = 2018,
    month = aug,
   adsurl = {http://adsabs.harvard.edu/abs/2018arXiv180801076S},
  adsnote = {Provided by the SAO/NASA Astrophysics Data System},
  file={Docs/1808.01076.pdf}
}






@ARTICLE{2018arXiv180605695W,
   author = {{Wilson}, D.~G and {Cussat-Blanc}, S. and {Luga}, H. and {Miller}, J.~F
	},
    title = "{Evolving simple programs for playing Atari games}",
  journal = {ArXiv e-prints},
archivePrefix = "arXiv",
   eprint = {1806.05695},
 keywords = {Computer Science - Neural and Evolutionary Computing, Computer Science - Artificial Intelligence},
     year = 2018,
    month = jun,
   adsurl = {http://adsabs.harvard.edu/abs/2018arXiv180605695W},
  adsnote = {Provided by the SAO/NASA Astrophysics Data System},
  file = {Docs/1806.05695.pdf}
}




@ARTICLE{2018arXiv180706078V,
   author = {{Vigan{\'o}}, L. and {Sempreboni}, D.},
    title = "{Gnirut: The Trouble With Being Born Human In An Autonomous World}",
  journal = {ArXiv e-prints},
archivePrefix = "arXiv",
   eprint = {1807.06078},
 primaryClass = "cs.CY",
 keywords = {Computer Science - Computers and Society, Computer Science - Artificial Intelligence, Computer Science - Cryptography and Security},
     year = 2018,
    month = jul,
   adsurl = {http://adsabs.harvard.edu/abs/2018arXiv180706078V},
  adsnote = {Provided by the SAO/NASA Astrophysics Data System},
  file={Docs/1807.06078.pdf}
}




@ARTICLE{2018arXiv180608561S,
   author = {{Spigler}, G.},
    title = "{The Temporal Singularity: time-accelerated simulated civilizations and their implications}",
  journal = {ArXiv e-prints},
archivePrefix = "arXiv",
   eprint = {1806.08561},
 primaryClass = "cs.AI",
 keywords = {Computer Science - Artificial Intelligence, Computer Science - Multiagent Systems},
     year = 2018,
    month = jun,
   adsurl = {http://adsabs.harvard.edu/abs/2018arXiv180608561S},
  adsnote = {Provided by the SAO/NASA Astrophysics Data System},
    file={Docs/1806.08561.pdf}
}





@article{jia2017first,
  title={First Draft on the xInf Model for Universal Physical Computation and Reverse Engineering of Natural Intelligence},
  author={Jia, Hongbo},
  journal={arXiv preprint arXiv:1712.10280},
  year={2017},
  file={Docs/1712.10280.pdf}
}


@article{dronic2017path,
  title={A path to AI},
  author={Dronic, Ion},
  journal={arXiv preprint arXiv:1712.03080},
  year={2017},
  file={Docs/1712.03080.pdf}
}


@article{pinhanez2017computer,
  title={Computer Interfaces to Organizations: Perspectives on Borg-Human Interaction Design},
  author={Pinhanez, Claudio},
  journal={arXiv preprint arXiv:1712.03012},
  year={2017},
  file={Docs/1712.03012.pdf}
}


@article{noothigattu2017voting,
  title={A voting-based system for ethical decision making},
  author={Noothigattu, Ritesh and Gaikwad, Snehalkumar'Neil'S and Awad, Edmond and Dsouza, Sohan and Rahwan, Iyad and Ravikumar, Pradeep and Procaccia, Ariel D},
  journal={arXiv preprint arXiv:1709.06692},
  year={2017},
  file={Docs/1709.06692.pdf}
}

@article{silver2017mastering,
  title={Mastering the game of go without human knowledge},
  author={Silver, David and Schrittwieser, Julian and Simonyan, Karen and Antonoglou, Ioannis and Huang, Aja and Guez, Arthur and Hubert, Thomas and Baker, Lucas and Lai, Matthew and Bolton, Adrian and others},
  journal={Nature},
  volume={550},
  number={7676},
  pages={354},
  year={2017},
  publisher={Nature Publishing Group},
  file={Docs/10.1038@nature24270.pdf}
}

@ARTICLE{2018arXiv180401660H,
	   author = {{Hintze}, A. and {Kirkpatrick}, D. and {Adami}, C.},
	       title = "{The structure of evolved representations across different substrates for artificial intelligence}",
	         journal = {ArXiv e-prints},
		 archivePrefix = "arXiv",
		    eprint = {1804.01660},
		     keywords = {Computer Science - Neural and Evolutionary Computing, Computer Science - Artificial Intelligence, Nonlinear Sciences - Adaptation and Self-Organizing Systems, Quantitative Biology - Neurons and Cognition},
		          year = 2018,
			      month = apr,
			         adsurl = {http://adsabs.harvard.edu/abs/2018arXiv180401660H},
				   adsnote = {Provided by the SAO/NASA Astrophysics Data System},
				   file={Docs/1804.01660.pdf}
}



