



@article{murcio2015multifractal,
  title={Multifractal to monofractal evolution of the London street network},
  author={Murcio, Roberto and Masucci, A Paolo and Arcaute, Elsa and Batty, Michael},
  journal={Physical Review E},
  volume={92},
  number={6},
  pages={062130},
  year={2015},
  publisher={APS},
  file={Docs/murcio2015.pdf}
}


@article{frankhauser2018integrated,
  title={An integrated multifractal modelling to urban and regional planning},
  author={Frankhauser, Pierre and Tannier, C{\'e}cile and Vuidel, Gilles and Houot, H{\'e}l{\`e}ne},
  journal={Computers, Environment and Urban Systems},
  volume={67},
  pages={132--146},
  year={2018},
  publisher={Elsevier},
  file={Docs/1-s2.0-S0198971517302168-main.pdf}
}


