%% This BibTeX bibliography file was created using BibDesk.
%% http://bibdesk.sourceforge.net/


%% Created for Juste Raimbault at 2016-03-14 15:13:27 +0100 


%% Saved with string encoding Occidental (ISO Latin 1) 



@article{tan2015volatilities,
	Author = {Tan, Lei and Zheng, Bo and Chen, Jun-Jie and Jiang, Xiong-Fei},
	Date-Added = {2016-03-14 14:13:18 +0000},
	Date-Modified = {2016-03-14 14:13:18 +0000},
	Journal = {PloS one},
	Number = {2},
	Pages = {e0118399},
	Publisher = {Public Library of Science},
	Title = {How volatilities nonlocal in time affect the price dynamics in complex financial systems},
	Volume = {10},
	Year = {2015},
	Bdsk-File-1 = {YnBsaXN0MDDUAQIDBAUGJCVYJHZlcnNpb25YJG9iamVjdHNZJGFyY2hpdmVyVCR0b3ASAAGGoKgHCBMUFRYaIVUkbnVsbNMJCgsMDxJXTlMua2V5c1pOUy5vYmplY3RzViRjbGFzc6INDoACgAOiEBGABIAFgAdccmVsYXRpdmVQYXRoWWFsaWFzRGF0YV8QHURvY3Mvam91cm5hbC5wb25lLjAxMTgzOTkucGRm0hcLGBlXTlMuZGF0YU8RAjQAAAAAAjQAAgAADE1hY2ludG9zaCBIRAAAAAAAAAAAAAAAAAAAAMpBBgxIKwAABCfOdBhqb3VybmFsLnBvbmUuMDExODM5OS5wZGYAAAAAAAAAAAAAAAAAAAAAAAAAAAAAAAAAAAAAAAAAAAAAAAAAAAADcB+J0krCWQAAAAAAAAAAAAEAAwAACSAAAAAAAAAAAAAAAAAAAAAERG9jcwAQAAgAAMpA6ewAAAARAAgAANJKpjkAAAABACAEJ850BCfObQOxvfkAqZh6AJDCKQAFAhUABQIUAAC+7AACAIFNYWNpbnRvc2ggSEQ6VXNlcnM6AEp1c3RlOgBEb2N1bWVudHM6AENvbXBsZXhTeXN0ZW1zOgBCaWJsaW86AERvbWFpblNwZWNpZmljOgBRdWFudGl0YXRpdmVGaW5hbmNlOgBEb2NzOgBqb3VybmFsLnBvbmUuMDExODM5OS5wZGYAAA4AMgAYAGoAbwB1AHIAbgBhAGwALgBwAG8AbgBlAC4AMAAxADEAOAAzADkAOQAuAHAAZABmAA8AGgAMAE0AYQBjAGkAbgB0AG8AcwBoACAASABEABIAbFVzZXJzL0p1c3RlL0RvY3VtZW50cy9Db21wbGV4U3lzdGVtcy9CaWJsaW8vRG9tYWluU3BlY2lmaWMvUXVhbnRpdGF0aXZlRmluYW5jZS9Eb2NzL2pvdXJuYWwucG9uZS4wMTE4Mzk5LnBkZgATAAEvAAAVAAIADP//AACABtIbHB0eWiRjbGFzc25hbWVYJGNsYXNzZXNdTlNNdXRhYmxlRGF0YaMdHyBWTlNEYXRhWE5TT2JqZWN00hscIiNcTlNEaWN0aW9uYXJ5oiIgXxAPTlNLZXllZEFyY2hpdmVy0SYnVHJvb3SAAQAIABEAGgAjAC0AMgA3AEAARgBNAFUAYABnAGoAbABuAHEAcwB1AHcAhACOAK4AswC7AvMC9QL6AwUDDgMcAyADJwMwAzUDQgNFA1cDWgNfAAAAAAAAAgEAAAAAAAAAKAAAAAAAAAAAAAAAAAAAA2E=}}

@article{smerlak2015mapping,
	Author = {Smerlak, Matteo and Stoll, Brady and Gupta, Agam and Magdanz, James S},
	Date-Added = {2016-03-14 14:11:54 +0000},
	Date-Modified = {2016-03-14 14:11:54 +0000},
	Journal = {PloS one},
	Number = {7},
	Pages = {e0130948},
	Publisher = {Public Library of Science},
	Title = {Mapping systemic risk: critical degree and failures distribution in financial networks},
	Volume = {10},
	Year = {2015},
	Bdsk-File-1 = {YnBsaXN0MDDUAQIDBAUGJCVYJHZlcnNpb25YJG9iamVjdHNZJGFyY2hpdmVyVCR0b3ASAAGGoKgHCBMUFRYaIVUkbnVsbNMJCgsMDxJXTlMua2V5c1pOUy5vYmplY3RzViRjbGFzc6INDoACgAOiEBGABIAFgAdccmVsYXRpdmVQYXRoWWFsaWFzRGF0YV8QHURvY3Mvam91cm5hbC5wb25lLjAxMzA5NDgucGRm0hcLGBlXTlMuZGF0YU8RAjQAAAAAAjQAAgAADE1hY2ludG9zaCBIRAAAAAAAAAAAAAAAAAAAAMpBBgxIKwAABCfOdBhqb3VybmFsLnBvbmUuMDEzMDk0OC5wZGYAAAAAAAAAAAAAAAAAAAAAAAAAAAAAAAAAAAAAAAAAAAAAAAAAAAADCAak0fOrGAAAAAAAAAAAAAEAAwAACSAAAAAAAAAAAAAAAAAAAAAERG9jcwAQAAgAAMpA6ewAAAARAAgAANHzjvgAAAABACAEJ850BCfObQOxvfkAqZh6AJDCKQAFAhUABQIUAAC+7AACAIFNYWNpbnRvc2ggSEQ6VXNlcnM6AEp1c3RlOgBEb2N1bWVudHM6AENvbXBsZXhTeXN0ZW1zOgBCaWJsaW86AERvbWFpblNwZWNpZmljOgBRdWFudGl0YXRpdmVGaW5hbmNlOgBEb2NzOgBqb3VybmFsLnBvbmUuMDEzMDk0OC5wZGYAAA4AMgAYAGoAbwB1AHIAbgBhAGwALgBwAG8AbgBlAC4AMAAxADMAMAA5ADQAOAAuAHAAZABmAA8AGgAMAE0AYQBjAGkAbgB0AG8AcwBoACAASABEABIAbFVzZXJzL0p1c3RlL0RvY3VtZW50cy9Db21wbGV4U3lzdGVtcy9CaWJsaW8vRG9tYWluU3BlY2lmaWMvUXVhbnRpdGF0aXZlRmluYW5jZS9Eb2NzL2pvdXJuYWwucG9uZS4wMTMwOTQ4LnBkZgATAAEvAAAVAAIADP//AACABtIbHB0eWiRjbGFzc25hbWVYJGNsYXNzZXNdTlNNdXRhYmxlRGF0YaMdHyBWTlNEYXRhWE5TT2JqZWN00hscIiNcTlNEaWN0aW9uYXJ5oiIgXxAPTlNLZXllZEFyY2hpdmVy0SYnVHJvb3SAAQAIABEAGgAjAC0AMgA3AEAARgBNAFUAYABnAGoAbABuAHEAcwB1AHcAhACOAK4AswC7AvMC9QL6AwUDDgMcAyADJwMwAzUDQgNFA1cDWgNfAAAAAAAAAgEAAAAAAAAAKAAAAAAAAAAAAAAAAAAAA2E=}}

@article{tan2016exploring,
	Author = {Tan, Lei and Chen, Jun-Jie and Zheng, Bo and Ouyang, Fang-Yan},
	Date-Added = {2016-03-14 14:05:22 +0000},
	Date-Modified = {2016-03-14 14:05:22 +0000},
	Journal = {PloS one},
	Number = {2},
	Pages = {e0149648},
	Publisher = {Public Library of Science},
	Title = {Exploring Market State and Stock Interactions on the Minute Timescale},
	Volume = {11},
	Year = {2016},
	Bdsk-File-1 = {YnBsaXN0MDDUAQIDBAUGJCVYJHZlcnNpb25YJG9iamVjdHNZJGFyY2hpdmVyVCR0b3ASAAGGoKgHCBMUFRYaIVUkbnVsbNMJCgsMDxJXTlMua2V5c1pOUy5vYmplY3RzViRjbGFzc6INDoACgAOiEBGABIAFgAdccmVsYXRpdmVQYXRoWWFsaWFzRGF0YV8QHURvY3Mvam91cm5hbC5wb25lLjAxNDk2NDguUERG0hcLGBlXTlMuZGF0YU8RAjQAAAAAAjQAAgAADE1hY2ludG9zaCBIRAAAAAAAAAAAAAAAAAAAAMpBBgxIKwAABCfOdBhqb3VybmFsLnBvbmUuMDE0OTY0OC5QREYAAAAAAAAAAAAAAAAAAAAAAAAAAAAAAAAAAAAAAAAAAAAAAAAAAAAEJQA00wYC1QAAAAAAAAAAAAEAAwAACSAAAAAAAAAAAAAAAAAAAAAERG9jcwAQAAgAAMpA6ewAAAARAAgAANMF9MUAAAABACAEJ850BCfObQOxvfkAqZh6AJDCKQAFAhUABQIUAAC+7AACAIFNYWNpbnRvc2ggSEQ6VXNlcnM6AEp1c3RlOgBEb2N1bWVudHM6AENvbXBsZXhTeXN0ZW1zOgBCaWJsaW86AERvbWFpblNwZWNpZmljOgBRdWFudGl0YXRpdmVGaW5hbmNlOgBEb2NzOgBqb3VybmFsLnBvbmUuMDE0OTY0OC5QREYAAA4AMgAYAGoAbwB1AHIAbgBhAGwALgBwAG8AbgBlAC4AMAAxADQAOQA2ADQAOAAuAFAARABGAA8AGgAMAE0AYQBjAGkAbgB0AG8AcwBoACAASABEABIAbFVzZXJzL0p1c3RlL0RvY3VtZW50cy9Db21wbGV4U3lzdGVtcy9CaWJsaW8vRG9tYWluU3BlY2lmaWMvUXVhbnRpdGF0aXZlRmluYW5jZS9Eb2NzL2pvdXJuYWwucG9uZS4wMTQ5NjQ4LlBERgATAAEvAAAVAAIADP//AACABtIbHB0eWiRjbGFzc25hbWVYJGNsYXNzZXNdTlNNdXRhYmxlRGF0YaMdHyBWTlNEYXRhWE5TT2JqZWN00hscIiNcTlNEaWN0aW9uYXJ5oiIgXxAPTlNLZXllZEFyY2hpdmVy0SYnVHJvb3SAAQAIABEAGgAjAC0AMgA3AEAARgBNAFUAYABnAGoAbABuAHEAcwB1AHcAhACOAK4AswC7AvMC9QL6AwUDDgMcAyADJwMwAzUDQgNFA1cDWgNfAAAAAAAAAgEAAAAAAAAAKAAAAAAAAAAAAAAAAAAAA2E=}}

@article{brummitt2015cascades,
	Author = {Brummitt, Charles D and Kobayashi, Teruyoshi},
	Date-Added = {2016-03-14 13:45:33 +0000},
	Date-Modified = {2016-03-14 13:45:33 +0000},
	Journal = {Physical Review E},
	Number = {6},
	Pages = {062813},
	Publisher = {APS},
	Title = {Cascades in multiplex financial networks with debts of different seniority},
	Volume = {91},
	Year = {2015},
	Bdsk-File-1 = {YnBsaXN0MDDUAQIDBAUGJCVYJHZlcnNpb25YJG9iamVjdHNZJGFyY2hpdmVyVCR0b3ASAAGGoKgHCBMUFRYaIVUkbnVsbNMJCgsMDxJXTlMua2V5c1pOUy5vYmplY3RzViRjbGFzc6INDoACgAOiEBGABIAFgAdccmVsYXRpdmVQYXRoWWFsaWFzRGF0YV8QG0RvY3MvUGh5c1JldkUuOTEuMDYyODEzLnBkZtIXCxgZV05TLmRhdGFPEQIsAAAAAAIsAAIAAAxNYWNpbnRvc2ggSEQAAAAAAAAAAAAAAAAAAADKQQYMSCsAAAQnznQWUGh5c1JldkUuOTEuMDYyODEzLnBkZgAAAAAAAAAAAAAAAAAAAAAAAAAAAAAAAAAAAAAAAAAAAAAAAAAAAAAAArHuTdG51u4AAAAAAAAAAAABAAMAAAkgAAAAAAAAAAAAAAAAAAAABERvY3MAEAAIAADKQOnsAAAAEQAIAADRubrOAAAAAQAgBCfOdAQnzm0Dsb35AKmYegCQwikABQIVAAUCFAAAvuwAAgB/TWFjaW50b3NoIEhEOlVzZXJzOgBKdXN0ZToARG9jdW1lbnRzOgBDb21wbGV4U3lzdGVtczoAQmlibGlvOgBEb21haW5TcGVjaWZpYzoAUXVhbnRpdGF0aXZlRmluYW5jZToARG9jczoAUGh5c1JldkUuOTEuMDYyODEzLnBkZgAADgAuABYAUABoAHkAcwBSAGUAdgBFAC4AOQAxAC4AMAA2ADIAOAAxADMALgBwAGQAZgAPABoADABNAGEAYwBpAG4AdABvAHMAaAAgAEgARAASAGpVc2Vycy9KdXN0ZS9Eb2N1bWVudHMvQ29tcGxleFN5c3RlbXMvQmlibGlvL0RvbWFpblNwZWNpZmljL1F1YW50aXRhdGl2ZUZpbmFuY2UvRG9jcy9QaHlzUmV2RS45MS4wNjI4MTMucGRmABMAAS8AABUAAgAM//8AAIAG0hscHR5aJGNsYXNzbmFtZVgkY2xhc3Nlc11OU011dGFibGVEYXRhox0fIFZOU0RhdGFYTlNPYmplY3TSGxwiI1xOU0RpY3Rpb25hcnmiIiBfEA9OU0tleWVkQXJjaGl2ZXLRJidUcm9vdIABAAgAEQAaACMALQAyADcAQABGAE0AVQBgAGcAagBsAG4AcQBzAHUAdwCEAI4ArACxALkC6QLrAvAC+wMEAxIDFgMdAyYDKwM4AzsDTQNQA1UAAAAAAAACAQAAAAAAAAAoAAAAAAAAAAAAAAAAAAADVw==}}

@article{forro2015using,
	Author = {Forr{\'o}, Z and Woodard, R and Sornette, D},
	Date-Added = {2016-03-14 13:44:34 +0000},
	Date-Modified = {2016-03-14 13:44:34 +0000},
	Journal = {Physical Review E},
	Number = {4},
	Pages = {042803},
	Publisher = {APS},
	Title = {Using trading strategies to detect phase transitions in financial markets},
	Volume = {91},
	Year = {2015},
	Bdsk-File-1 = {YnBsaXN0MDDUAQIDBAUGJCVYJHZlcnNpb25YJG9iamVjdHNZJGFyY2hpdmVyVCR0b3ASAAGGoKgHCBMUFRYaIVUkbnVsbNMJCgsMDxJXTlMua2V5c1pOUy5vYmplY3RzViRjbGFzc6INDoACgAOiEBGABIAFgAdccmVsYXRpdmVQYXRoWWFsaWFzRGF0YV8QG0RvY3MvUGh5c1JldkUuOTEuMDQyODAzLnBkZtIXCxgZV05TLmRhdGFPEQIsAAAAAAIsAAIAAAxNYWNpbnRvc2ggSEQAAAAAAAAAAAAAAAAAAADKQQYMSCsAAAQnznQWUGh5c1JldkUuOTEuMDQyODAzLnBkZgAAAAAAAAAAAAAAAAAAAAAAAAAAAAAAAAAAAAAAAAAAAAAAAAAAAAAAAmaN5tFejXkAAAAAAAAAAAABAAMAAAkgAAAAAAAAAAAAAAAAAAAABERvY3MAEAAIAADKQOnsAAAAEQAIAADRXnFZAAAAAQAgBCfOdAQnzm0Dsb35AKmYegCQwikABQIVAAUCFAAAvuwAAgB/TWFjaW50b3NoIEhEOlVzZXJzOgBKdXN0ZToARG9jdW1lbnRzOgBDb21wbGV4U3lzdGVtczoAQmlibGlvOgBEb21haW5TcGVjaWZpYzoAUXVhbnRpdGF0aXZlRmluYW5jZToARG9jczoAUGh5c1JldkUuOTEuMDQyODAzLnBkZgAADgAuABYAUABoAHkAcwBSAGUAdgBFAC4AOQAxAC4AMAA0ADIAOAAwADMALgBwAGQAZgAPABoADABNAGEAYwBpAG4AdABvAHMAaAAgAEgARAASAGpVc2Vycy9KdXN0ZS9Eb2N1bWVudHMvQ29tcGxleFN5c3RlbXMvQmlibGlvL0RvbWFpblNwZWNpZmljL1F1YW50aXRhdGl2ZUZpbmFuY2UvRG9jcy9QaHlzUmV2RS45MS4wNDI4MDMucGRmABMAAS8AABUAAgAM//8AAIAG0hscHR5aJGNsYXNzbmFtZVgkY2xhc3Nlc11OU011dGFibGVEYXRhox0fIFZOU0RhdGFYTlNPYmplY3TSGxwiI1xOU0RpY3Rpb25hcnmiIiBfEA9OU0tleWVkQXJjaGl2ZXLRJidUcm9vdIABAAgAEQAaACMALQAyADcAQABGAE0AVQBgAGcAagBsAG4AcQBzAHUAdwCEAI4ArACxALkC6QLrAvAC+wMEAxIDFgMdAyYDKwM4AzsDTQNQA1UAAAAAAAACAQAAAAAAAAAoAAAAAAAAAAAAAAAAAAADVw==}}
