



@article{bixby2019rising,
	Author = {Bixby, Honor and Bentham, James and Zhou, Bin and Di Cesare, Mariachiara and Paciorek, Christopher J. and Bennett, James E. and Taddei, Cristina and Stevens, Gretchen A. and Rodriguez-Martinez, Andrea and Carrillo-Larco, Rodrigo M. and Khang, Young-Ho and Sori{\'c}, Maroje and Gregg, Edward W. and Miranda, J. Jaime and Bhutta, Zulfiqar A. and Savin, Stefan and Sophiea, Marisa K. and Iurilli, Maria L. C. and Solomon, Bethlehem D. and Cowan, Melanie J. and Riley, Leanne M. and Danaei, Goodarz and Bovet, Pascal and Chirita-Emandi, Adela and Hambleton, Ian R. and Hayes, Alison J. and Ikeda, Nayu and Kengne, Andre P. and Laxmaiah, Avula and Li, Yanping and McGarvey, Stephen T. and Mostafa, Aya and Neovius, Martin and Starc, Gregor and Zainuddin, Ahmad A. and Abarca-G{\'o}mez, Leandra and Abdeen, Ziad A. and Abdrakhmanova, Shynar and Abdul Ghaffar, Suhaila and Abdul Hamid, Zargar and Abubakar Garba, Jamila and Abu-Rmeileh, Niveen M. and Acosta-Cazares, Benjamin and Adams, Robert J. and Aekplakorn, Wichai and Afsana, Kaosar and Agdeppa, Imelda A. and Aguilar-Salinas, Carlos A. and Agyemang, Charles and Ahmad, Mohamad Hasnan and Ahmad, Noor Ani and Ahmadi, Naser and Ahmadvand, Alireza and Ahrens, Wolfgang and Ajlouni, Kamel and AlBuhairan, Fadia and AlDhukair, Shahla and Al-Hazzaa, Hazzaa M. and Ali, Mohamed M. and Ali, Osman and Alkerwi, Ala'a and Al-Othman, Amani Rashed and Al-Raddadi, Rajaa and Alvarez-Pedrerol, Mar and Aly, Eman and Amarapurkar, Deepak N. and Amouyel, Philippe and Amuzu, Antoinette and Andersen, Lars Bo and Anderssen, Sigmund A. and {\"A}ngquist, Lars H. and Anjana, Ranjit Mohan and Ansari-Moghaddam, Alireza and Aounallah-Skhiri, Hajer and Ara{\'u}jo, Joana and Ariansen, Inger and Aris, Tahir and Arku, Raphael E. and Arlappa, Nimmathota and Aryal, Krishna K. and Aspelund, Thor and Assah, Felix K. and Assun{\c c}{\~a}o, Maria Cec{\'\i}lia F. and Aung, May Soe and Auvinen, Juha and Avdicov{\'a}, M{\'a}ria and Azevedo, Ana and Azizi, Fereidoun and Azmin, Mehrdad and Babu, Bontha V. and Baharudin, Azli and Bahijri, Suhad and Baker, Jennifer L. and Balakrishna, Nagalla and Bamoshmoosh, Mohamed and Banach, Maciej and Bandosz, Piotr and Banegas, Jos{\'e}R. and Barbagallo, Carlo M. and Barcel{\'o}, Alberto and Barkat, Amina and Barros, Aluisio J. D. and Barros, Mauro V. G. and Bata, Iqbal and Batieha, Anwar M. and Batista, Rosangela L. and Battakova, Zhamilya and Batyrbek, Assembekov and Baur, Louise A. and Beaglehole, Robert and Bel-Serrat, Silvia and Ben Romdhane, Habiba and Benedics, Judith and Benet, Mikhail and Berkinbayev, Salim and Bernabe-Ortiz, Antonio and Bernotiene, Gailute and Bettiol, Heloisa and Bhagyalaxmi, Aroor and Bharadwaj, Sumit and Bhargava, Santosh K. and Bi, Hongsheng and Bi, Yufang and Biehl, Anna and Bika Lele, Elys{\'e}e Claude and Bikbov, Mukharram and Bista, Bihungum and Bjelica, Dusko J. and Bjerregaard, Peter and Bjertness, Espen and Bjertness, Marius B. and Bj{\"o}rkelund, Cecilia and Blokstra, Anneke and Bo, Simona and Bobak, Martin and Boddy, Lynne M. and Boehm, Bernhard O. and Boeing, Heiner and Boggia, Jose G. and Boissonnet, Carlos P. and Bonaccio, Marialaura and Bongard, Vanina and Bopp, Matthias and Borchini, Rossana and Borghs, Herman and Braeckevelt, Lien and Braeckman, Lutgart and Bragt, Marjolijn C. E. and Brajkovich, Imperia and Branca, Francesco and Breckenkamp, Juergen and Breda, Jo{\~a}o and Brenner, Hermann and Brewster, Lizzy M. and Brian, Garry R. and Brinduse, Lacramioara and Bruno, Graziella and Bueno-de-Mesquita, H. Bas and Bugge, Anna and Buoncristiano, Marta and Burazeri, Genc and Burns, Con and Cabrera de Le{\'o}n, Antonio and Cacciottolo, Joseph and Cai, Hui and Cama, Tilema and Cameron, Christine and Camolas, Jos{\'e} and Can, Gamze and Can, G{\"u}nay and C{\^a}ndido, Ana Paula C. and Ca{\~n}ete, Felicia and Capanzana, Mario V. and Capuano, Eduardo and Capuano, Vincenzo and Cardoso, Viviane C. and Carlsson, Axel C. and Carmuega, Esteban and Carvalho, Maria J. and Casanueva, Felipe F. and Casas, Juan-Pablo and Caserta, Carmelo A. and Celikcan, Ertugrul and Censi, Laura and Cesar, Juraci A. and Chamukuttan, Snehalatha and Chan, Angelique W. and Chan, Queenie and Chaturvedi, Himanshu K. and Chaturvedi, Nishi and Che Abdul Rahim, Norsyamlina and Chen, Chien-Jen and Chen, Fangfang and Chen, Huashuai and Chen, Shuohua and Chen, Zhengming and Cheng, Ching-Yu and Cheng, Yiling J. and Chetrit, Angela and Chikova-Iscener, Ekaterina and Chiolero, Arnaud and Chiou, Shu-Ti and Chirlaque, Mar{\'\i}a-Dolores and Cho, Belong and Cho, Yumi and Christensen, Kaare and Christofaro, Diego G. and Chudek, Jerzy and Cifkova, Renata and Cilia, Michelle and Cinteza, Eliza and Claessens, Frank and Clarke, Janine and Clays, Els and Concin, Hans and Confortin, Susana C. and Cooper, Cyrus and Coppinger, Tara C. and Costanzo, Simona and Cottel, Dominique and Cowell, Chris and Craig, Cora L. and Crampin, Amelia C. and Crujeiras, Ana B. and Cruz, Juan J. and Cucu, Alexandra and Cui, Liufu and Dallongeville, Jean and Damasceno, Albertino and Damsgaard, Camilla T. and Dankner, Rachel and Dantoft, Thomas M. and D'Arrigo, Graziella and Dasgupta, Parasmani and Dastgiri, Saeed and Dauchet, Luc and Davletov, Kairat and De Backer, Guy and De Bacquer, Dirk and De Curtis, Amalia and de Gaetano, Giovanni and De Henauw, Stefaan and de Oliveira, Paula Duarte and De Ridder, Karin and de Rooij, Susanne R. and De Smedt, Delphine and Deepa, Mohan and Deev, Alexander D. and Dehghan, Abbas and Delisle, H{\'e}l{\`e}ne and Delpeuch, Francis and Dennison, Elaine and Deschamps, Val{\'e}rie and Dhana, Klodian and Dhimal, Meghnath and Di Castelnuovo, Augusto F. and Dias-da-Costa, Juvenal Soares and Diaz, Alejandro and Dika, Zivka and Djalalinia, Shirin and Do, Ha T. P. and Dobson, Annette J. and Donati, Maria Benedetta and Donfrancesco, Chiara and Donoso, Silvana P. and D{\"o}ring, Angela and Dorobantu, Maria and Dorosty, Ahmad Reza and d'Orsi, Eleonora and Doua, Kouamelan and Drygas, Wojciech and Duan, Jia Li and Duante, Charmaine A. and Duda, Rosemary B. and Duleva, Vesselka and Dulskiene, Virginija and Dumith, Samuel C. and Dzerve, Vilnis and Dziankowska-Zaborszczyk, Elzbieta and Eddie, Ricky and Egbagbe, Eruke E. and Eggertsen, Robert and Eiben, Gabriele and Ekelund, Ulf and El Ati, Jalila and Eldemire-Shearer, Denise and Eliasen, Marie and Elliott, Paul and Engle-Stone, Reina and Erasmus, Rajiv T. and Erem, Cihangir and Eriksen, Louise and Eriksson, Johan G. and Escobedo-de la Pe{\~n}a, Jorge and Evans, Alun and Faeh, David and Fall, Caroline H. and Farrugia Sant'Angelo, Victoria and Farzadfar, Farshad and NCD Risk Factor Collaboration (NCD-RisC)},
	Journal = {Nature},
	Number = {7755},
	Pages = {260--264},
	Title = {Rising rural body-mass index is the main driver of the global obesity epidemic in adults},
	Volume = {569},
	Year = {2019},
	file={Docs/s41586-019-1171-x.pdf}
}




@article{reardon2019largest,
author={Reardon, S.},
title={The largest study involving transgender people is providing long-sought insights about their health},
journal={Nature},
pages={446-449},
volume={568},
year={2019},
url={https://www.nature.com/articles/d41586-019-01237-z},
doi={10.1038/d41586-019-01237-z}
}




@article{Adolf6540,
	author = {Adolf, Janne K. and Fried, Eiko I.},
	title = {Ergodicity is sufficient but not necessary for group-to-individual generalizability},
	volume = {116},
	number = {14},
	pages = {6540--6541},
	year = {2019},
	doi = {10.1073/pnas.1818675116},
	publisher = {National Academy of Sciences},
	issn = {0027-8424},
	URL = {https://www.pnas.org/content/116/14/6540},
	eprint = {https://www.pnas.org/content/116/14/6540.full.pdf},
	journal = {Proceedings of the National Academy of Sciences},
	file={Docs/10.1073@pnas.1818675116.pdf}
}



@article{vanyukov2012common,
  title={Common liability to addiction and “gateway hypothesis”: theoretical, empirical and evolutionary perspective},
  author={Vanyukov, Michael M and Tarter, Ralph E and Kirillova, Galina P and Kirisci, Levent and Reynolds, Maureen D and Kreek, Mary Jeanne and Conway, Kevin P and Maher, Brion S and Iacono, William G and Bierut, Laura and others},
  journal={Drug and alcohol dependence},
  volume={123},
  pages={S3--S17},
  year={2012},
  publisher={Elsevier},
  file={Docs/vanyukov2012.pdf}
}


@article{vsimaityte2019objective,
  title={Objective evaluation of physical activity pattern using smart devices},
  author={{\v{S}}imaityt{\.e}, Monika and Petr{\.e}nas, Andrius and Krav{\v{c}}enko, Julija and Kaldoudi, Eleni and Marozas, Vaidotas},
  journal={Scientific reports},
  volume={9},
  number={1},
  pages={2006},
  year={2019},
  publisher={Nature Publishing Group},
  file={Docs/s41598-019-38638-z.pdf}
}




@article{GronwaldE11890,
	author = {Gronwald, Thomas and Velasques, Bruna and Ribeiro, Pedro and Machado, Sergio and Murillo-Rodr{\'\i}guez, Eric and Ludyga, Sebastian and Yamamoto, Tetsuya and Budde, Henning},
	title = {Increasing exercise{\textquoteright}s effect on mental health: Exercise intensity does matter},
	volume = {115},
	number = {51},
	pages = {E11890--E11891},
	year = {2018},
	doi = {10.1073/pnas.1818161115},
	publisher = {National Academy of Sciences},
	issn = {0027-8424},
	URL = {https://www.pnas.org/content/115/51/E11890},
	eprint = {https://www.pnas.org/content/115/51/E11890.full.pdf},
	journal = {Proceedings of the National Academy of Sciences},
	file={Docs/10.1073@pnas.1818161115.pdf}
}



@article{fan2018spatial,
  title={Spatial fine-mapping for gene-by-environment effects identifies risk hot spots for schizophrenia},
  author={Fan, Chun Chieh and McGrath, John J and Appadurai, Vivek and Buil, Alfonso and Gandal, Michael J and Schork, Andrew J and Mortensen, Preben Bo and Agerbo, Esben and Geschwind, Sandy A and Geschwind, Daniel and others},
  journal={Nature Communications},
  volume={9},
  number={1},
  pages={5296},
  year={2018},
  publisher={Nature Publishing Group},
  file={Docs/s41467-018-07708-7.pdf}
}



@article{zeng2018eating,
	Author = {Zeng, Xia and Cai, Li and Ma, Jun and Ma, Yinghua and Jing, Jin and Chen, Yajun},
	Journal = {Scientific Reports},
	Number = {1},
	Pages = {14362},
	Title = {Eating fast is positively associated with general and abdominal obesity among Chinese children: A national survey},
	Volume = {8},
	Year = {2018},
	file={Docs/s41598-018-32498-9.pdf}
}




@article{porcelli2017lack,
  title={Lack of acclimatization to chronic hypoxia in humans in the Antarctica},
  author={Porcelli, Simone and Marzorati, Mauro and Healey, Beth and Terraneo, Laura and Vezzoli, Alessandra and Della Bella, Silvia and Dicasillati, Roberto and Samaja, Michele},
  journal={Scientific reports},
  volume={7},
  number={1},
  pages={18090},
  year={2017},
  publisher={Nature Publishing Group},
  file={Docs/s41598-017-18212-1.pdf}
}


@article{tseng2017advantage,
  title={Advantage of early orchiopexy for undescended testis: Analysis of testicular growth percentage ratio in patients with unilateral undescended testicle},
  author={Tseng, Chi-Shin and Chiang, I-Ni and Hong, Chung-Hung and Lu, Yu-Chuan and Hong, Jian-Hua and Chang, Hong-Chiang and Huang, Kuo-How and Pu, Yeong-Shiau},
  journal={Scientific reports},
  volume={7},
  number={1},
  pages={17476},
  year={2017},
  publisher={Nature Publishing Group},
  file={Docs/s41598-017-17825-w.pdf}
}



@article{kristensen2018ibuprofen,
  title={Ibuprofen alters human testicular physiology to produce a state of compensated hypogonadism},
  author={Kristensen, David M{\o}bjerg and Desdoits-Lethimonier, Christ{\`e}le and Mackey, Abigail L and Dalgaard, Marlene Danner and De Masi, Federico and Munkb{\o}l, Cecilie Hurup and Styrishave, Bjarne and Antignac, Jean-Philippe and Le Bizec, Bruno and Platel, Christian and others},
  journal={Proceedings of the National Academy of Sciences},
  pages={201715035},
  year={2018},
  publisher={National Acad Sciences},
  file={Docs/PNAS-2018-Kristensen-E715-24.pdf}
}


@article{scudellari2017core,
  title={Core Concept: Cryopreservation aims to engineer novel ways to freeze, store, and thaw organs},
  author={Scudellari, Megan},
  journal={Proceedings of the National Academy of Sciences},
  volume={114},
  number={50},
  pages={13060--13062},
  year={2017},
  publisher={National Acad Sciences},
  file={Docs/PNAS-2017-Scudellari-13060-2.pdf}
}


@article{silva2017modeling,
  title={Modeling and optimal control of HIV/AIDS prevention through PrEP},
  author={Silva, Cristiana J and Torres, Delfim FM},
  journal={arXiv preprint arXiv:1703.06446},
  year={2017},
  file={Docs/1703.06446.pdf}
}


@article{tian2018urbanization,
  title={Urbanization prolongs hantavirus epidemics in cities},
  author={Tian, Huaiyu and Hu, Shixiong and Cazelles, Bernard and Chowell, Gerardo and Gao, Lidong and Laine, Marko and Li, Yapin and Yang, Huisuo and Li, Yidan and Yang, Qiqi and others},
  journal={Proceedings of the National Academy of Sciences},
  pages={201712767},
  year={2018},
  publisher={National Acad Sciences},
  file={Docs/4707.full.pdf}
}



@article{klein2018global,
	  title={Global increase and geographic convergence in antibiotic consumption between 2000 and 2015},
	    author={Klein, Eili Y and Van Boeckel, Thomas P and Martinez, Elena M and Pant, Suraj and Gandra, Sumanth and Levin, Simon A and Goossens, Herman and Laxminarayan, Ramanan},
	      journal={Proceedings of the National Academy of Sciences},
	        pages={201717295},
		  year={2018},
		    publisher={National Acad Sciences},
		    file={Docs/E3463.full.pdf}
}


@article{janssen2017greater,
	  title={Greater mindful eating practice is associated with better reversal learning},
	    author={Janssen, Lieneke and Duif, Iris and van Loon, Ilke and de Vries, Jeanne and Speckens, Anne and Cools, Roshan and Aarts, Esther},
	      year={2017},
	        publisher={PsyArXiv},
		file={Docs/s41598-018-24001-1.pdf}
}


