

@article{sayama2018complexity,
  title={Complexity, Development, and Evolution in Morphogenetic Collective Systems},
  author={Sayama, Hiroki},
  journal={arXiv preprint arXiv:1801.02086},
  year={2018},
  file={Docs/1801.02086.pdf}
}


