%% This BibTeX bibliography file was created using BibDesk.
%% http://bibdesk.sourceforge.net/


%% Created for Juste Raimbault at 2016-03-09 16:57:51 +0100 


%% Saved with string encoding Occidental (ISO Latin 1) 



@article{Mari:2016fk,
	Author = {Mari, Andrea and De Palma, Giacomo and Giovannetti, Vittorio},
	Date = {2016/03/09/online},
	Date-Added = {2016-03-09 15:57:16 +0000},
	Date-Modified = {2016-03-09 15:57:16 +0000},
	Day = {09},
	Journal = {Scientific Reports},
	L3 = {10.1038/srep22777; http://www.nature.com/articles/srep22777#supplementary-information},
	M3 = {Article},
	Month = {03},
	Pages = {22777 EP  -},
	Publisher = {The Author(s) SN  -},
	Title = {Experiments testing macroscopic quantum superpositions must be slow},
	Ty = {JOUR},
	Url = {http://dx.doi.org/10.1038/srep22777},
	Volume = {6},
	Year = {2016},
	Bdsk-File-1 = {YnBsaXN0MDDUAQIDBAUGJCVYJHZlcnNpb25YJG9iamVjdHNZJGFyY2hpdmVyVCR0b3ASAAGGoKgHCBMUFRYaIVUkbnVsbNMJCgsMDxJXTlMua2V5c1pOUy5vYmplY3RzViRjbGFzc6INDoACgAOiEBGABIAFgAdccmVsYXRpdmVQYXRoWWFsaWFzRGF0YV8QK0RvY3MvTWFyaV9ldF9hbC0yMDE2LVNjaWVudGlmaWNfUmVwb3J0cy5wZGbSFwsYGVdOUy5kYXRhTxECXAAAAAACXAACAAAMTWFjaW50b3NoIEhEAAAAAAAAAAAAAAAAAAAAykEGDEgrAAAEJQduH01hcmlfZXRfYWwtMjAxNi1TY2kjNDI1MDc2OS5wZGYAAAAAAAAAAAAAAAAAAAAAAAAAAAAAAAAAAAAAAAAAAAQlB2nTBgYhAAAAAAAAAAAAAQADAAAJIAAAAAAAAAAAAAAAAAAAAAREb2NzABAACAAAykDp7AAAABEACAAA0wX4EQAAAAEAIAQlB24EJQdsA7G9+QCpmHoAkMIpAAUCFQAFAhQAAL7sAAIAg01hY2ludG9zaCBIRDpVc2VyczoASnVzdGU6AERvY3VtZW50czoAQ29tcGxleFN5c3RlbXM6AEJpYmxpbzoARG9tYWluU3BlY2lmaWM6AFF1YW50dW1QaHlzaWNzOgBEb2NzOgBNYXJpX2V0X2FsLTIwMTYtU2NpIzQyNTA3NjkucGRmAAAOAE4AJgBNAGEAcgBpAF8AZQB0AF8AYQBsAC0AMgAwADEANgAtAFMAYwBpAGUAbgB0AGkAZgBpAGMAXwBSAGUAcABvAHIAdABzAC4AcABkAGYADwAaAAwATQBhAGMAaQBuAHQAbwBzAGgAIABIAEQAEgB1VXNlcnMvSnVzdGUvRG9jdW1lbnRzL0NvbXBsZXhTeXN0ZW1zL0JpYmxpby9Eb21haW5TcGVjaWZpYy9RdWFudHVtUGh5c2ljcy9Eb2NzL01hcmlfZXRfYWwtMjAxNi1TY2llbnRpZmljX1JlcG9ydHMucGRmAAATAAEvAAAVAAIADP//AACABtIbHB0eWiRjbGFzc25hbWVYJGNsYXNzZXNdTlNNdXRhYmxlRGF0YaMdHyBWTlNEYXRhWE5TT2JqZWN00hscIiNcTlNEaWN0aW9uYXJ5oiIgXxAPTlNLZXllZEFyY2hpdmVy0SYnVHJvb3SAAQAIABEAGgAjAC0AMgA3AEAARgBNAFUAYABnAGoAbABuAHEAcwB1AHcAhACOALwAwQDJAykDKwMwAzsDRANSA1YDXQNmA2sDeAN7A40DkAOVAAAAAAAAAgEAAAAAAAAAKAAAAAAAAAAAAAAAAAAAA5c=},
	Bdsk-Url-1 = {http://dx.doi.org/10.1038/srep22777}}
