%% This BibTeX bibliography file was created using BibDesk.
%% http://bibdesk.sourceforge.net/


%% Created for Juste Raimbault at 2016-03-14 15:09:42 +0100 


%% Saved with string encoding Occidental (ISO Latin 1) 



@article{ballesteros2018climate,
	  title={Climate warming enhances snow avalanche risk in the Western Himalayas},
	    author={Ballesteros-C{\'a}novas, JA and Trappmann, D and Madrigal-Gonz{\'a}lez, J and Eckert, N and Stoffel, M},
	      journal={Proceedings of the National Academy of Sciences},
	        volume={115},
		  number={13},
		    pages={3410--3415},
		      year={2018},
		        publisher={National Acad Sciences},
			file={Docs/3410.full.pdf}
}





@article{sun2018rainfall,
	  title={Rainfall statistics, stationarity, and climate change},
	    author={Sun, Fubao and Roderick, Michael L and Farquhar, Graham D},
	      journal={Proceedings of the National Academy of Sciences},
	        volume={115},
		  number={10},
		    pages={2305--2310},
		      year={2018},
		        publisher={National Acad Sciences},
			file={Docs/2305.full.pdf}
}



@article{seddon2016sensitivity,
	Author = {Seddon, Alistair WR and Macias-Fauria, Marc and Long, Peter R and Benz, David and Willis, Kathy J},
	Date-Added = {2016-03-14 14:09:34 +0000},
	Date-Modified = {2016-03-14 14:09:34 +0000},
	Journal = {Nature},
	Number = {7593},
	Pages = {229--232},
	Publisher = {Nature Publishing Group},
	Title = {Sensitivity of global terrestrial ecosystems to climate variability},
	Volume = {531},
	Year = {2016},
	Bdsk-File-1 = {YnBsaXN0MDDUAQIDBAUGJCVYJHZlcnNpb25YJG9iamVjdHNZJGFyY2hpdmVyVCR0b3ASAAGGoKgHCBMUFRYaIVUkbnVsbNMJCgsMDxJXTlMua2V5c1pOUy5vYmplY3RzViRjbGFzc6INDoACgAOiEBGABIAFgAdccmVsYXRpdmVQYXRoWWFsaWFzRGF0YV8QE0RvY3Mvc2VkZG9uMjAxNi5wZGbSFwsYGVdOUy5kYXRhTxECBAAAAAACBAACAAAMTWFjaW50b3NoIEhEAAAAAAAAAAAAAAAAAAAAykEGDEgrAAAEJ7QjDnNlZGRvbjIwMTYucGRmAAAAAAAAAAAAAAAAAAAAAAAAAAAAAAAAAAAAAAAAAAAAAAAAAAAAAAAAAAAAAAAAAAQndz3TDD4ZAAAAAAAAAAAAAQADAAAJIAAAAAAAAAAAAAAAAAAAAAREb2NzABAACAAAykDp7AAAABEACAAA0wwwCQAAAAEAIAQntCMEJ7NOA7G9+QCpmHoAkMIpAAUCFQAFAhQAAL7sAAIAc01hY2ludG9zaCBIRDpVc2VyczoASnVzdGU6AERvY3VtZW50czoAQ29tcGxleFN5c3RlbXM6AEJpYmxpbzoARG9tYWluU3BlY2lmaWM6AENsaW1hdGVTY2llbmNlczoARG9jczoAc2VkZG9uMjAxNi5wZGYAAA4AHgAOAHMAZQBkAGQAbwBuADIAMAAxADYALgBwAGQAZgAPABoADABNAGEAYwBpAG4AdABvAHMAaAAgAEgARAASAF5Vc2Vycy9KdXN0ZS9Eb2N1bWVudHMvQ29tcGxleFN5c3RlbXMvQmlibGlvL0RvbWFpblNwZWNpZmljL0NsaW1hdGVTY2llbmNlcy9Eb2NzL3NlZGRvbjIwMTYucGRmABMAAS8AABUAAgAM//8AAIAG0hscHR5aJGNsYXNzbmFtZVgkY2xhc3Nlc11OU011dGFibGVEYXRhox0fIFZOU0RhdGFYTlNPYmplY3TSGxwiI1xOU0RpY3Rpb25hcnmiIiBfEA9OU0tleWVkQXJjaGl2ZXLRJidUcm9vdIABAAgAEQAaACMALQAyADcAQABGAE0AVQBgAGcAagBsAG4AcQBzAHUAdwCEAI4ApACpALECuQK7AsACywLUAuIC5gLtAvYC+wMIAwsDHQMgAyUAAAAAAAACAQAAAAAAAAAoAAAAAAAAAAAAAAAAAAADJw==}}

@article{Puntsag:2016uq,
	Author = {Puntsag, Tamir and Mitchell, Myron J. and Campbell, John L. and Klein, Eric S. and Likens, Gene E. and Welker, Jeffrey M.},
	Date = {2016/03/14/online},
	Date-Added = {2016-03-14 12:40:37 +0000},
	Date-Modified = {2016-03-14 12:40:37 +0000},
	Day = {14},
	Journal = {Scientific Reports},
	L3 = {10.1038/srep22647; http://www.nature.com/articles/srep22647#supplementary-information},
	M3 = {Article},
	Month = {03},
	Pages = {22647 EP -},
	Publisher = {The Author(s) SN -},
	Title = {Arctic Vortex changes alter the sources and isotopic values of precipitation in northeastern US},
	Ty = {JOUR},
	Url = {http://dx.doi.org/10.1038/srep22647},
	Volume = {6},
	Year = {2016},
	Bdsk-File-1 = {YnBsaXN0MDDUAQIDBAUGJCVYJHZlcnNpb25YJG9iamVjdHNZJGFyY2hpdmVyVCR0b3ASAAGGoKgHCBMUFRYaIVUkbnVsbNMJCgsMDxJXTlMua2V5c1pOUy5vYmplY3RzViRjbGFzc6INDoACgAOiEBGABIAFgAdccmVsYXRpdmVQYXRoWWFsaWFzRGF0YV8QLkRvY3MvUHVudHNhZ19ldF9hbC0yMDE2LVNjaWVudGlmaWNfUmVwb3J0cy5wZGbSFwsYGVdOUy5kYXRhTxECZgAAAAACZgACAAAMTWFjaW50b3NoIEhEAAAAAAAAAAAAAAAAAAAAykEGDEgrAAAEJ7QjH1B1bnRzYWdfZXRfYWwtMjAxNi0jNDI3OUJDQi5wZGYAAAAAAAAAAAAAAAAAAAAAAAAAAAAAAAAAAAAAAAAAAAQnm8vTDFobAAAAAAAAAAAAAQADAAAJIAAAAAAAAAAAAAAAAAAAAAREb2NzABAACAAAykDp7AAAABEACAAA0wxMCwAAAAEAIAQntCMEJ7NOA7G9+QCpmHoAkMIpAAUCFQAFAhQAAL7sAAIAhE1hY2ludG9zaCBIRDpVc2VyczoASnVzdGU6AERvY3VtZW50czoAQ29tcGxleFN5c3RlbXM6AEJpYmxpbzoARG9tYWluU3BlY2lmaWM6AENsaW1hdGVTY2llbmNlczoARG9jczoAUHVudHNhZ19ldF9hbC0yMDE2LSM0Mjc5QkNCLnBkZgAOAFQAKQBQAHUAbgB0AHMAYQBnAF8AZQB0AF8AYQBsAC0AMgAwADEANgAtAFMAYwBpAGUAbgB0AGkAZgBpAGMAXwBSAGUAcABvAHIAdABzAC4AcABkAGYADwAaAAwATQBhAGMAaQBuAHQAbwBzAGgAIABIAEQAEgB5VXNlcnMvSnVzdGUvRG9jdW1lbnRzL0NvbXBsZXhTeXN0ZW1zL0JpYmxpby9Eb21haW5TcGVjaWZpYy9DbGltYXRlU2NpZW5jZXMvRG9jcy9QdW50c2FnX2V0X2FsLTIwMTYtU2NpZW50aWZpY19SZXBvcnRzLnBkZgAAEwABLwAAFQACAAz//wAAgAbSGxwdHlokY2xhc3NuYW1lWCRjbGFzc2VzXU5TTXV0YWJsZURhdGGjHR8gVk5TRGF0YVhOU09iamVjdNIbHCIjXE5TRGljdGlvbmFyeaIiIF8QD05TS2V5ZWRBcmNoaXZlctEmJ1Ryb290gAEACAARABoAIwAtADIANwBAAEYATQBVAGAAZwBqAGwAbgBxAHMAdQB3AIQAjgC/AMQAzAM2AzgDPQNIA1EDXwNjA2oDcwN4A4UDiAOaA50DogAAAAAAAAIBAAAAAAAAACgAAAAAAAAAAAAAAAAAAAOk},
	Bdsk-Url-1 = {http://dx.doi.org/10.1038/srep22647}}
