



@inproceedings{heddebaut2016does,
  title={Does the" tunnel effect" still remains in 2016?},
  author={Heddebaut, Odile and Ernecq, Jean-Marie},
  year={2016},
  file={Docs/doc00025434.pdf}
}


@article{kasraianinteraction,
  title={Interaction of rail infrastructure and urbanisation in the Netherlands; a preliminary analysis},
  author={Kasraian, Dena and Maat, Kees},
  file={Docs/kasraian_dena.pdf}
}

