
@article{haldon2018history,
	  title={History meets palaeoscience: Consilience and collaboration in studying past societal responses to environmental change},
	    author={Haldon, John and Mordechai, Lee and Newfield, Timothy P and Chase, Arlen F and Izdebski, Adam and Guzowski, Piotr and Labuhn, Inga and Roberts, Neil},
	      journal={Proceedings of the National Academy of Sciences},
	        pages={201716912},
		  year={2018},
		    publisher={National Acad Sciences},
		    file={Docs/10.1073@pnas.1716912115.pdf}
}



