

@book{pulselli2006city,
  title={City out of chaos: social patterns and organization in urban systems},
  author={Pulselli, RM and Ratti, C and Tiezzi, E},
  year={2006},
  publisher={London: WIT Press},
  file={Docs/9781845646547019FU1.pdf}
}

