




@article{weber2017master,
  title={Master equations and the theory of stochastic path integrals},
  author={Weber, Markus F and Frey, Erwin},
  journal={Reports on Progress in Physics},
  volume={80},
  number={4},
  pages={046601},
  year={2017},
  publisher={IOP Publishing},
  file={Docs/1609.02849.pdf}
}


