


@article{karliner2017quark,
  title={Quark-level analogue of nuclear fusion with doubly heavy baryons},
  author={Karliner, Marek and Rosner, Jonathan L},
  journal={Nature},
  volume={551},
  number={7678},
  pages={89},
  year={2017},
  publisher={Nature Publishing Group},
  file={Docs/10.1038@nature24289.pdf}
}


