%% This BibTeX bibliography file was created using BibDesk.
%% http://bibdesk.sourceforge.net/


%% Created for Juste Raimbault at 2016-03-14 19:59:26 +0100 


%% Saved with string encoding Occidental (ISO Latin 1) 






@article{ganzfried2018optimal,
  title={Optimal Weighting for Exam Composition},
  author={Ganzfried, Sam and Yusuf, Farzana},
  journal={Education Sciences},
  volume={8},
  number={1},
  pages={36},
  year={2018},
  publisher={Multidisciplinary Digital Publishing Institute},
  file={Docs/1801.06043.pdf}
}



@article{khosravi2017recommendation,
  title={Recommendation in Personalised Peer-Learning Environments},
  author={Khosravi, Hassan},
  journal={arXiv preprint arXiv:1712.03077},
  year={2017},
  file={Docs/1712.03077.pdf}
}



@article{perez2015knowledge,
	Author = {Perez-Parras, Jessica and G{\'o}mez-Gal{\'a}n, Jos{\'e}},
	Date-Added = {2016-03-14 18:59:19 +0000},
	Date-Modified = {2016-03-14 18:59:19 +0000},
	Journal = {arXiv preprint arXiv:1512.08456},
	Title = {Knowledge and Influence of MOOC Courses on Initial Teacher Training},
	Year = {2015},
	Bdsk-File-1 = {YnBsaXN0MDDUAQIDBAUGJCVYJHZlcnNpb25YJG9iamVjdHNZJGFyY2hpdmVyVCR0b3ASAAGGoKgHCBMUFRYaIVUkbnVsbNMJCgsMDxJXTlMua2V5c1pOUy5vYmplY3RzViRjbGFzc6INDoACgAOiEBGABIAFgAdccmVsYXRpdmVQYXRoWWFsaWFzRGF0YV8QFURvY3MvMTUxMi4wODQ1NnYxLnBkZtIXCxgZV05TLmRhdGFPEQIOAAAAAAIOAAIAAAxNYWNpbnRvc2ggSEQAAAAAAAAAAAAAAAAAAADKQQYMSCsAAAQn1bwQMTUxMi4wODQ1NnYxLnBkZgAAAAAAAAAAAAAAAAAAAAAAAAAAAAAAAAAAAAAAAAAAAAAAAAAAAAAAAAAAAAAAA93TR9KoXc4AAAAAAAAAAAABAAMAAAkgAAAAAAAAAAAAAAAAAAAABERvY3MAEAAIAADKQOnsAAAAEQAIAADSqE++AAAAAQAgBCfVvAQn1bQDsb35AKmYegCQwikABQIVAAUCFAAAvuwAAgB2TWFjaW50b3NoIEhEOlVzZXJzOgBKdXN0ZToARG9jdW1lbnRzOgBDb21wbGV4U3lzdGVtczoAQmlibGlvOgBEb21haW5TcGVjaWZpYzoARWR1Y2F0aW9uU2NpZW5jZToARG9jczoAMTUxMi4wODQ1NnYxLnBkZgAOACIAEAAxADUAMQAyAC4AMAA4ADQANQA2AHYAMQAuAHAAZABmAA8AGgAMAE0AYQBjAGkAbgB0AG8AcwBoACAASABEABIAYVVzZXJzL0p1c3RlL0RvY3VtZW50cy9Db21wbGV4U3lzdGVtcy9CaWJsaW8vRG9tYWluU3BlY2lmaWMvRWR1Y2F0aW9uU2NpZW5jZS9Eb2NzLzE1MTIuMDg0NTZ2MS5wZGYAABMAAS8AABUAAgAM//8AAIAG0hscHR5aJGNsYXNzbmFtZVgkY2xhc3Nlc11OU011dGFibGVEYXRhox0fIFZOU0RhdGFYTlNPYmplY3TSGxwiI1xOU0RpY3Rpb25hcnmiIiBfEA9OU0tleWVkQXJjaGl2ZXLRJidUcm9vdIABAAgAEQAaACMALQAyADcAQABGAE0AVQBgAGcAagBsAG4AcQBzAHUAdwCEAI4ApgCrALMCxQLHAswC1wLgAu4C8gL5AwIDBwMUAxcDKQMsAzEAAAAAAAACAQAAAAAAAAAoAAAAAAAAAAAAAAAAAAADMw==}}

@article{alrasheedi2015systematic,
	Author = {Alrasheedi, Muasaad and Capretz, Luiz Fernando and Raza, Arif},
	Date-Added = {2016-03-14 18:58:07 +0000},
	Date-Modified = {2016-03-14 18:58:07 +0000},
	Journal = {Journal of Educational Computing Research},
	Number = {2},
	Pages = {257--276},
	Publisher = {SAGE Publications},
	Title = {A Systematic Review of the Critical Factors for Success of Mobile Learning in Higher Education (University Students' Perspective)},
	Volume = {52},
	Year = {2015},
	Bdsk-File-1 = {YnBsaXN0MDDUAQIDBAUGJCVYJHZlcnNpb25YJG9iamVjdHNZJGFyY2hpdmVyVCR0b3ASAAGGoKgHCBMUFRYaIVUkbnVsbNMJCgsMDxJXTlMua2V5c1pOUy5vYmplY3RzViRjbGFzc6INDoACgAOiEBGABIAFgAdccmVsYXRpdmVQYXRoWWFsaWFzRGF0YV8QFURvY3MvMTUxMS4wNDQxN3YxLnBkZtIXCxgZV05TLmRhdGFPEQIOAAAAAAIOAAIAAAxNYWNpbnRvc2ggSEQAAAAAAAAAAAAAAAAAAADKQQYMSCsAAAQn1bwQMTUxMS4wNDQxN3YxLnBkZgAAAAAAAAAAAAAAAAAAAAAAAAAAAAAAAAAAAAAAAAAAAAAAAAAAAAAAAAAAAAAAA6gBw9Jvy3wAAAAAAAAAAAABAAMAAAkgAAAAAAAAAAAAAAAAAAAABERvY3MAEAAIAADKQOnsAAAAEQAIAADSb71sAAAAAQAgBCfVvAQn1bQDsb35AKmYegCQwikABQIVAAUCFAAAvuwAAgB2TWFjaW50b3NoIEhEOlVzZXJzOgBKdXN0ZToARG9jdW1lbnRzOgBDb21wbGV4U3lzdGVtczoAQmlibGlvOgBEb21haW5TcGVjaWZpYzoARWR1Y2F0aW9uU2NpZW5jZToARG9jczoAMTUxMS4wNDQxN3YxLnBkZgAOACIAEAAxADUAMQAxAC4AMAA0ADQAMQA3AHYAMQAuAHAAZABmAA8AGgAMAE0AYQBjAGkAbgB0AG8AcwBoACAASABEABIAYVVzZXJzL0p1c3RlL0RvY3VtZW50cy9Db21wbGV4U3lzdGVtcy9CaWJsaW8vRG9tYWluU3BlY2lmaWMvRWR1Y2F0aW9uU2NpZW5jZS9Eb2NzLzE1MTEuMDQ0MTd2MS5wZGYAABMAAS8AABUAAgAM//8AAIAG0hscHR5aJGNsYXNzbmFtZVgkY2xhc3Nlc11OU011dGFibGVEYXRhox0fIFZOU0RhdGFYTlNPYmplY3TSGxwiI1xOU0RpY3Rpb25hcnmiIiBfEA9OU0tleWVkQXJjaGl2ZXLRJidUcm9vdIABAAgAEQAaACMALQAyADcAQABGAE0AVQBgAGcAagBsAG4AcQBzAHUAdwCEAI4ApgCrALMCxQLHAswC1wLgAu4C8gL5AwIDBwMUAxcDKQMsAzEAAAAAAAACAQAAAAAAAAAoAAAAAAAAAAAAAAAAAAADMw==}}

@article{zenghao2015benefiting,
	Author = {Chen Zhenghao and Brandon Alcorn and Gayle Christensen and Nicholas Eriksson and Daphne Koller and Ezekiel J. Emanuel},
	Date-Added = {2016-03-14 14:00:47 +0000},
	Date-Modified = {2016-03-14 14:02:27 +0000},
	Journal = {Harvard Business Review},
	Month = {September},
	Title = {Who's Benefiting from MOOCs, and Why},
	Year = {2015},
	Bdsk-File-1 = {YnBsaXN0MDDUAQIDBAUGJCVYJHZlcnNpb25YJG9iamVjdHNZJGFyY2hpdmVyVCR0b3ASAAGGoKgHCBMUFRYaIVUkbnVsbNMJCgsMDxJXTlMua2V5c1pOUy5vYmplY3RzViRjbGFzc6INDoACgAOiEBGABIAFgAdccmVsYXRpdmVQYXRoWWFsaWFzRGF0YW8QLQBEAG8AYwBzAC8AVwBoAG8gGQBzACAAQgBlAG4AZQBmAGkAdABpAG4AZwAgAGYAcgBvAG0AIABNAE8ATwBDAHMALAAgAGEAbgBkACAAVwBoAHkALgBwAGQAZtIXCxgZV05TLmRhdGFPEQJoAAAAAAJoAAIAAAxNYWNpbnRvc2ggSEQAAAAAAAAAAAAAAAAAAADKQQYMSCsAAAQn1bwfV2hv1XMgQmVuZWZpdGluZyBmciMzNDVDMTdGLnBkZgAAAAAAAAAAAAAAAAAAAAAAAAAAAAAAAAAAAAAAAAAAA0XBf9Ip7SoAAAAAAAAAAAABAAMAAAkgAAAAAAAAAAAAAAAAAAAABERvY3MAEAAIAADKQOnsAAAAEQAIAADSKdEKAAAAAQAgBCfVvAQn1bQDsb35AKmYegCQwikABQIVAAUCFAAAvuwAAgCFTWFjaW50b3NoIEhEOlVzZXJzOgBKdXN0ZToARG9jdW1lbnRzOgBDb21wbGV4U3lzdGVtczoAQmlibGlvOgBEb21haW5TcGVjaWZpYzoARWR1Y2F0aW9uU2NpZW5jZToARG9jczoAV2hv1XMgQmVuZWZpdGluZyBmciMzNDVDMTdGLnBkZgAADgBSACgAVwBoAG8gGQBzACAAQgBlAG4AZQBmAGkAdABpAG4AZwAgAGYAcgBvAG0AIABNAE8ATwBDAHMALAAgAGEAbgBkACAAVwBoAHkALgBwAGQAZgAPABoADABNAGEAYwBpAG4AdABvAHMAaAAgAEgARAASAHtVc2Vycy9KdXN0ZS9Eb2N1bWVudHMvQ29tcGxleFN5c3RlbXMvQmlibGlvL0RvbWFpblNwZWNpZmljL0VkdWNhdGlvblNjaWVuY2UvRG9jcy9XaG/igJlzIEJlbmVmaXRpbmcgZnJvbSBNT09DcywgYW5kIFdoeS5wZGYAABMAAS8AABUAAgAM//8AAIAG0hscHR5aJGNsYXNzbmFtZVgkY2xhc3Nlc11OU011dGFibGVEYXRhox0fIFZOU0RhdGFYTlNPYmplY3TSGxwiI1xOU0RpY3Rpb25hcnmiIiBfEA9OU0tleWVkQXJjaGl2ZXLRJidUcm9vdIABAAgAEQAaACMALQAyADcAQABGAE0AVQBgAGcAagBsAG4AcQBzAHUAdwCEAI4A6wDwAPgDZANmA2sDdgN/A40DkQOYA6EDpgOzA7YDyAPLA9AAAAAAAAACAQAAAAAAAAAoAAAAAAAAAAAAAAAAAAAD0g==}}

@article{christensen2013mooc,
	Author = {Christensen, Gayle and Steinmetz, Andrew and Alcorn, Brandon and Bennett, Amy and Woods, Deirdre and Emanuel, Ezekiel J},
	Date-Added = {2016-03-14 13:57:46 +0000},
	Date-Modified = {2016-03-14 13:57:46 +0000},
	Journal = {Available at SSRN 2350964},
	Title = {The MOOC phenomenon: who takes massive open online courses and why?},
	Year = {2013},
	Bdsk-File-1 = {YnBsaXN0MDDUAQIDBAUGJCVYJHZlcnNpb25YJG9iamVjdHNZJGFyY2hpdmVyVCR0b3ASAAGGoKgHCBMUFRYaIVUkbnVsbNMJCgsMDxJXTlMua2V5c1pOUy5vYmplY3RzViRjbGFzc6INDoACgAOiEBGABIAFgAdccmVsYXRpdmVQYXRoWWFsaWFzRGF0YV8QF0RvY3MvU1NSTi1pZDIzNTA5NjQucGRm0hcLGBlXTlMuZGF0YU8RAhYAAAAAAhYAAgAADE1hY2ludG9zaCBIRAAAAAAAAAAAAAAAAAAAAMpBBgxIKwAABCfVvBJTU1JOLWlkMjM1MDk2NC5wZGYAAAAAAAAAAAAAAAAAAAAAAAAAAAAAAAAAAAAAAAAAAAAAAAAAAAAAAAAAAAABQz+3zrTO/wAAAAAAAAAAAAEAAwAACSAAAAAAAAAAAAAAAAAAAAAERG9jcwAQAAgAAMpA6ewAAAARAAgAAM60wO8AAAABACAEJ9W8BCfVtAOxvfkAqZh6AJDCKQAFAhUABQIUAAC+7AACAHhNYWNpbnRvc2ggSEQ6VXNlcnM6AEp1c3RlOgBEb2N1bWVudHM6AENvbXBsZXhTeXN0ZW1zOgBCaWJsaW86AERvbWFpblNwZWNpZmljOgBFZHVjYXRpb25TY2llbmNlOgBEb2NzOgBTU1JOLWlkMjM1MDk2NC5wZGYADgAmABIAUwBTAFIATgAtAGkAZAAyADMANQAwADkANgA0AC4AcABkAGYADwAaAAwATQBhAGMAaQBuAHQAbwBzAGgAIABIAEQAEgBjVXNlcnMvSnVzdGUvRG9jdW1lbnRzL0NvbXBsZXhTeXN0ZW1zL0JpYmxpby9Eb21haW5TcGVjaWZpYy9FZHVjYXRpb25TY2llbmNlL0RvY3MvU1NSTi1pZDIzNTA5NjQucGRmAAATAAEvAAAVAAIADP//AACABtIbHB0eWiRjbGFzc25hbWVYJGNsYXNzZXNdTlNNdXRhYmxlRGF0YaMdHyBWTlNEYXRhWE5TT2JqZWN00hscIiNcTlNEaWN0aW9uYXJ5oiIgXxAPTlNLZXllZEFyY2hpdmVy0SYnVHJvb3SAAQAIABEAGgAjAC0AMgA3AEAARgBNAFUAYABnAGoAbABuAHEAcwB1AHcAhACOAKgArQC1As8C0QLWAuEC6gL4AvwDAwMMAxEDHgMhAzMDNgM7AAAAAAAAAgEAAAAAAAAAKAAAAAAAAAAAAAAAAAAAAz0=}}
