






@article{lafond2017long,
  title={Long-run dynamics of the US patent classification system},
  author={Lafond, Francois and Kim, Daniel},
  year={2017},
  file={Docs/1703.02104.pdf}
}


@article{sasaki2017cumulative,
  title={Cumulative culture can emerge from collective intelligence in animal groups},
  author={Sasaki, Takao and Biro, Dora},
  journal={Nature communications},
  volume={8},
  pages={15049},
  year={2017},
  publisher={Nature Publishing Group},
  file={Docs/ncomms15049.pdf}
}




@article{turchin2018quantitative,
  title={Quantitative historical analysis uncovers a single dimension of complexity that structures global variation in human social organization},
  author={Turchin, Peter and Currie, Thomas E and Whitehouse, Harvey and Fran{\c{c}}ois, Pieter and Feeney, Kevin and Mullins, Daniel and Hoyer, Daniel and Collins, Christina and Grohmann, Stephanie and Savage, Patrick and others},
  journal={Proceedings of the National Academy of Sciences},
  volume={115},
  number={2},
  pages={E144--E151},
  year={2018},
  publisher={National Acad Sciences},
  files={Docs/E144.full.pdf}
}


@article{mesoudi2018cumulative,
  title={What is cumulative cultural evolution?},
  author={Mesoudi, Alex and Thornton, Alex},
  journal={Proc. R. Soc. B},
  volume={285},
  number={1880},
  pages={20180712},
  year={2018},
  publisher={The Royal Society},
  file={Docs/20180712.full.pdf}
}




@article{tumminello2012identification,
  title={Identification of clusters of investors from their real trading activity in a financial market},
  author={Tumminello, Michele and Lillo, Fabrizio and Piilo, Jyrki and Mantegna, Rosario N},
  journal={New Journal of Physics},
  volume={14},
  number={1},
  pages={013041},
  year={2012},
  publisher={IOP Publishing},
  file={Docs/Tumminello_2012_New_J._Phys._14_013041.pdf}
}



@article{tumminello2011statistically,
  title={Statistically validated networks in bipartite complex systems},
  author={Tumminello, Michele and Micciche, Salvatore and Lillo, Fabrizio and Piilo, Jyrki and Mantegna, Rosario N},
  journal={PloS one},
  volume={6},
  number={3},
  pages={e17994},
  year={2011},
  publisher={Public Library of Science},
  file={Docs/journal.pone.0017994.PDF}
}



@article{musciotto2018long,
  title={Long-term ecology of investors in a financial market},
  author={Musciotto, Federico and Marotta, Luca and Piilo, Jyrki and Mantegna, Rosario N},
  journal={Palgrave Communications},
  volume={4},
  number={1},
  pages={92},
  year={2018},
  publisher={Nature Publishing Group},
  file={Docs/s41599-018-0145-1.pdf}
}


@article{farmer1999frontiers,
  title={Frontiers of finance: Evolution and efficient markets},
  author={Farmer, J Doyne and Lo, Andrew W},
  journal={Proceedings of the National Academy of Sciences},
  volume={96},
  number={18},
  pages={9991--9992},
  year={1999},
  publisher={National Acad Sciences},
  file={Docs/9991.full.pdf}
}


@book{behnisch2018trends,
  title={Trends in Spatial Analysis and Modelling},
  author={Behnisch, Martin and Meinel, Gotthard},
  year={2018},
  publisher={Springer},
  file={Docs/[Geotechnologies%20and%20the%20Environment%2019]%20Martin%20Behnisch,%20Gotthard%20Meinel%20(eds.)%20-%20Trends%20in%20Spatial%20Analysis%20and%20Modelling_%20Decision-Support%20and%20Planning%20Strategies%20(2018,%20Springer%20International%20Publishing).pdf}
}



@article{zaoli2017covariations,
  title={Covariations in ecological scaling laws fostered by community dynamics},
  author={Zaoli, Silvia and Giometto, Andrea and Maritan, Amos and Rinaldo, Andrea},
  journal={Proceedings of the National Academy of Sciences},
  volume={114},
  number={40},
  pages={10672--10677},
  year={2017},
  publisher={National Acad Sciences},
  file={Docs/10672.full.pdf}
}


@article{pappalardo2016analytical,
  title={An analytical framework to nowcast well-being using mobile phone data},
  author={Pappalardo, Luca and Vanhoof, Maarten and Gabrielli, Lorenzo and Smoreda, Zbigniew and Pedreschi, Dino and Giannotti, Fosca},
  journal={International Journal of Data Science and Analytics},
  volume={2},
  number={1-2},
  pages={75--92},
  year={2016},
  publisher={Springer},
  file={Docs/Pappalardo2016_Article_AnAnalyticalFrameworkToNowcast.pdf}
}


@ARTICLE{2017arXiv170702188P,
   author = {{Pugliese}, E. and {Napolitano}, L. and {Zaccaria}, A. and {Pietronero}, L.
	},
    title = "{Coherent diversification in corporate technological portfolios}",
  journal = {ArXiv e-prints},
archivePrefix = "arXiv",
   eprint = {1707.02188},
 keywords = {Quantitative Finance - Economics, Quantitative Finance - General Finance},
     year = 2017,
    month = jul,
   adsurl = {http://adsabs.harvard.edu/abs/2017arXiv170702188P},
  adsnote = {Provided by the SAO/NASA Astrophysics Data System},
  file={Docs/1707.02188.pdf}
}


@article{kursa2010feature,
  title={Feature selection with the Boruta package},
  author={Kursa, Miron B and Rudnicki, Witold R and others},
  journal={J Stat Softw},
  volume={36},
  number={11},
  pages={1--13},
  year={2010}
}


@article{ruan2015kinetics,
  title={Kinetics of social contagion},
  author={Ruan, Zhongyuan and Iniguez, Gerardo and Karsai, M{\'a}rton and Kert{\'e}sz, J{\'a}nos},
  journal={Physical review letters},
  volume={115},
  number={21},
  pages={218702},
  year={2015},
  publisher={APS},
  file={Docs/ruan2015.pdf}
}



@article{lee2017universal,
  title={Universal mechanism for hybrid percolation transitions},
  author={Lee, Deokjae and Choi, Wonjun and K{\'e}rtesz, Janos and Kahng, Byungnam},
  journal={Scientific Reports},
  volume={7},
  number={1},
  pages={5723},
  year={2017},
  publisher={Nature Publishing Group},
  file={Docs/s41598-017-06182-3.pdf}
}

