

@ARTICLE{2018arXiv180805844L,
   author = {{Lee}, M. and {Cheon}, S.~H. and {Lee}, S.},
    title = "{Imbalance of pairwise efficiency in urban street network}",
  journal = {ArXiv e-prints},
archivePrefix = "arXiv",
   eprint = {1808.05844},
 primaryClass = "physics.soc-ph",
 keywords = {Physics - Physics and Society},
     year = 2018,
    month = aug,
   adsurl = {http://adsabs.harvard.edu/abs/2018arXiv180805844L},
  adsnote = {Provided by the SAO/NASA Astrophysics Data System},
  file={Docs/1808.05844.pdf}
}



@article{neal2018urban,
  title={Is the Urban World Small? The Evidence for Small World Structure in Urban Networks},
  author={Neal, Zachary},
  journal={Networks and Spatial Economics},
  pages={1--17},
  year={2018},
  publisher={Springer},
  file={Docs/10.1007@s11067-018-9417-y.pdf}
}

