



@article{brown2018assumptions,
  title={Assumptions for emergent constraints},
  author={Brown, Patrick T and Stolpe, Martin B and Caldeira, Ken},
  journal={Nature},
  volume={563},
  number={7729},
  pages={E1},
  year={2018},
  publisher={Nature Publishing Group},
  file={Docs/10.1038@s41586-018-0639-4.pdf}
}




@article{wilson2018ice,
  title={Ice loss from the East Antarctic Ice Sheet during late Pleistocene interglacials},
  author={Wilson, David J and Bertram, Rachel A and Needham, Emma F and van de Flierdt, Tina and Welsh, Kevin J and McKay, Robert M and Mazumder, Anannya and Riesselman, Christina R and Jimenez-Espejo, Francisco J and Escutia, Carlota},
  journal={Nature},
  volume={561},
  number={7723},
  pages={383},
  year={2018},
  publisher={Nature Publishing Group},
  file={Docs/10.1038@s41586-018-0501-8.pdf}
}




@article{krinner2018striking,
  title={Striking stationarity of large-scale climate model bias patterns under strong climate change},
  author={Krinner, Gerhard and Flanner, Mark G},
  journal={Proceedings of the National Academy of Sciences},
  pages={201807912},
  year={2018},
  publisher={National Acad Sciences},
  file={Docs/10.1073@pnas.1807912115.pdf}
}





@article{haaga2018forcing,
  title={Forcing of late Pleistocene ice volume by spatially variable summer energy},
  author={Haaga, Kristian Agas{\o}ster and Brendryen, Jo and Diego, David and Hannisdal, Bjarte},
  journal={Scientific Reports},
  volume={8},
  number={1},
  pages={11520},
  year={2018},
  publisher={Nature Publishing Group},
  file={Docs/s41598-018-29916-3.pdf}
}


@article{lin2017maximum,
  title={Maximum temperature drove snow cover expansion from the Arctic, 2000--2008},
  author={Lin, Yi and Jiang, Miao},
  journal={Scientific reports},
  volume={7},
  number={1},
  pages={15090},
  year={2017},
  publisher={Nature Publishing Group},
  file={Docs/s41598-017-15397-3.pdf}
}

@article{pfeiffer2017indian,
  title={Indian Ocean corals reveal crucial role of World War II bias for twentieth century warming estimates},
  author={Pfeiffer, Miriam and Zinke, Jens and Dullo, W-C and Garbe-Sch{\"o}nberg, Dieter and Latif, Mojib and Weber, ME},
  journal={Scientific reports},
  volume={7},
  number={1},
  pages={14434},
  year={2017},
  publisher={Nature Publishing Group},
  file={Docs/s41598-017-14352-6.pdf}
}

@article{xu2017well,
  title={Well below 2° C: Mitigation strategies for avoiding dangerous to catastrophic climate changes},
  author={Xu, Yangyang and Ramanathan, Veerabhadran},
  journal={Proceedings of the National Academy of Sciences},
  pages={201618481},
  year={2017},
  publisher={National Acad Sciences},
  file={Docs/PNAS-2017-Xu-10315-23.pdf}
}


@article{griscom2017natural,
  title={Natural climate solutions},
  author={Griscom, Bronson W and Adams, Justin and Ellis, Peter W and Houghton, Richard A and Lomax, Guy and Miteva, Daniela A and Schlesinger, William H and Shoch, David and Siikam{\"a}ki, Juha V and Smith, Pete and others},
  journal={Proceedings of the National Academy of Sciences},
  volume={114},
  number={44},
  pages={11645--11650},
  year={2017},
  publisher={National Acad Sciences},
  file={Docs/PNAS-2017-Griscom-11645-50.pdf}
}


@article{cameron2017ecosystem,
  title={Ecosystem management and land conservation can substantially contribute to California’s climate mitigation goals},
  author={Cameron, D Richard and Marvin, David C and Remucal, Jonathan M and Passero, Michelle C},
  journal={Proceedings of the National Academy of Sciences},
  volume={114},
  number={48},
  pages={12833--12838},
  year={2017},
  publisher={National Acad Sciences},
  file={Docs/PNAS-2017-Cameron-12833-8.pdf}
}


@article{shaffer2018and,
  title={In and out of glacial extremes by way of dust- climate feedbacks},
  author={Shaffer, Gary and Lambert, Fabrice},
  journal={Proceedings of the National Academy of Sciences},
  volume={115},
  number={9},
  pages={2026--2031},
  year={2018},
  publisher={National Acad Sciences},
  file={Docs/2026.full.pdf}
}


@article{nerem2018climate,
  title={Climate-change--driven accelerated sea-level rise detected in the altimeter era},
  author={Nerem, RS and Beckley, BD and Fasullo, JT and Hamlington, BD and Masters, D and Mitchum, GT},
  journal={Proceedings of the National Academy of Sciences},
  pages={201717312},
  year={2018},
  publisher={National Acad Sciences},
  file={Docs/2022.full.pdf}
}


@article{feulner2017formation,
  title={Formation of most of our coal brought Earth close to global glaciation},
  author={Feulner, Georg},
  journal={Proceedings of the National Academy of Sciences},
  volume={114},
  number={43},
  pages={11333--11337},
  year={2017},
  publisher={National Acad Sciences},
  file={Docs/10.1073@pnas.1712062114.pdf}
}


@article{singh2017increasing,
  title={Increasing potential for intense tropical and subtropical thunderstorms under global warming},
  author={Singh, Martin S and Kuang, Zhiming and Maloney, Eric D and Hannah, Walter M and Wolding, Brandon O},
  journal={Proceedings of the National Academy of Sciences},
  volume={114},
  number={44},
  pages={11657--11662},
  year={2017},
  publisher={National Acad Sciences},
  file={Docs/10.1073@pnas.1707603114.pdf}
}



@article {Fang4015,
		author = {Fang, Jingyun and Yu, Guirui and Liu, Lingli and Hu, Shuijin and Chapin, F. Stuart},
			title = {Climate change, human impacts, and carbon sequestration in China},
				volume = {115},
					number = {16},
						pages = {4015--4020},
							year = {2018},
								doi = {10.1073/pnas.1700304115},
									publisher = {National Academy of Sciences},
										issn = {0027-8424},
											URL = {http://www.pnas.org/content/115/16/4015},
												eprint = {http://www.pnas.org/content/115/16/4015.full.pdf},
													journal = {Proceedings of the National Academy of Sciences},
													file={Docs/4015.full.pdf}
}





@article{ballesteros2018climate,
	  title={Climate warming enhances snow avalanche risk in the Western Himalayas},
	    author={Ballesteros-C{\'a}novas, JA and Trappmann, D and Madrigal-Gonz{\'a}lez, J and Eckert, N and Stoffel, M},
	      journal={Proceedings of the National Academy of Sciences},
	        volume={115},
		  number={13},
		    pages={3410--3415},
		      year={2018},
		        publisher={National Acad Sciences},
			file={Docs/3410.full.pdf}
}





@article{sun2018rainfall,
	  title={Rainfall statistics, stationarity, and climate change},
	    author={Sun, Fubao and Roderick, Michael L and Farquhar, Graham D},
	      journal={Proceedings of the National Academy of Sciences},
	        volume={115},
		  number={10},
		    pages={2305--2310},
		      year={2018},
		        publisher={National Acad Sciences},
			file={Docs/2305.full.pdf}
}



@article{seddon2016sensitivity,
	Author = {Seddon, Alistair WR and Macias-Fauria, Marc and Long, Peter R and Benz, David and Willis, Kathy J},
	Date-Added = {2016-03-14 14:09:34 +0000},
	Date-Modified = {2016-03-14 14:09:34 +0000},
	Journal = {Nature},
	Number = {7593},
	Pages = {229--232},
	Publisher = {Nature Publishing Group},
	Title = {Sensitivity of global terrestrial ecosystems to climate variability},
	Volume = {531},
	Year = {2016},
	Bdsk-File-1 = {YnBsaXN0MDDUAQIDBAUGJCVYJHZlcnNpb25YJG9iamVjdHNZJGFyY2hpdmVyVCR0b3ASAAGGoKgHCBMUFRYaIVUkbnVsbNMJCgsMDxJXTlMua2V5c1pOUy5vYmplY3RzViRjbGFzc6INDoACgAOiEBGABIAFgAdccmVsYXRpdmVQYXRoWWFsaWFzRGF0YV8QE0RvY3Mvc2VkZG9uMjAxNi5wZGbSFwsYGVdOUy5kYXRhTxECBAAAAAACBAACAAAMTWFjaW50b3NoIEhEAAAAAAAAAAAAAAAAAAAAykEGDEgrAAAEJ7QjDnNlZGRvbjIwMTYucGRmAAAAAAAAAAAAAAAAAAAAAAAAAAAAAAAAAAAAAAAAAAAAAAAAAAAAAAAAAAAAAAAAAAQndz3TDD4ZAAAAAAAAAAAAAQADAAAJIAAAAAAAAAAAAAAAAAAAAAREb2NzABAACAAAykDp7AAAABEACAAA0wwwCQAAAAEAIAQntCMEJ7NOA7G9+QCpmHoAkMIpAAUCFQAFAhQAAL7sAAIAc01hY2ludG9zaCBIRDpVc2VyczoASnVzdGU6AERvY3VtZW50czoAQ29tcGxleFN5c3RlbXM6AEJpYmxpbzoARG9tYWluU3BlY2lmaWM6AENsaW1hdGVTY2llbmNlczoARG9jczoAc2VkZG9uMjAxNi5wZGYAAA4AHgAOAHMAZQBkAGQAbwBuADIAMAAxADYALgBwAGQAZgAPABoADABNAGEAYwBpAG4AdABvAHMAaAAgAEgARAASAF5Vc2Vycy9KdXN0ZS9Eb2N1bWVudHMvQ29tcGxleFN5c3RlbXMvQmlibGlvL0RvbWFpblNwZWNpZmljL0NsaW1hdGVTY2llbmNlcy9Eb2NzL3NlZGRvbjIwMTYucGRmABMAAS8AABUAAgAM//8AAIAG0hscHR5aJGNsYXNzbmFtZVgkY2xhc3Nlc11OU011dGFibGVEYXRhox0fIFZOU0RhdGFYTlNPYmplY3TSGxwiI1xOU0RpY3Rpb25hcnmiIiBfEA9OU0tleWVkQXJjaGl2ZXLRJidUcm9vdIABAAgAEQAaACMALQAyADcAQABGAE0AVQBgAGcAagBsAG4AcQBzAHUAdwCEAI4ApACpALECuQK7AsACywLUAuIC5gLtAvYC+wMIAwsDHQMgAyUAAAAAAAACAQAAAAAAAAAoAAAAAAAAAAAAAAAAAAADJw==}}

@article{Puntsag:2016uq,
	Author = {Puntsag, Tamir and Mitchell, Myron J. and Campbell, John L. and Klein, Eric S. and Likens, Gene E. and Welker, Jeffrey M.},
	Date = {2016/03/14/online},
	Date-Added = {2016-03-14 12:40:37 +0000},
	Date-Modified = {2016-03-14 12:40:37 +0000},
	Day = {14},
	Journal = {Scientific Reports},
	L3 = {10.1038/srep22647; http://www.nature.com/articles/srep22647#supplementary-information},
	M3 = {Article},
	Month = {03},
	Pages = {22647 EP -},
	Publisher = {The Author(s) SN -},
	Title = {Arctic Vortex changes alter the sources and isotopic values of precipitation in northeastern US},
	Ty = {JOUR},
	Url = {http://dx.doi.org/10.1038/srep22647},
	Volume = {6},
	Year = {2016},
	Bdsk-File-1 = {YnBsaXN0MDDUAQIDBAUGJCVYJHZlcnNpb25YJG9iamVjdHNZJGFyY2hpdmVyVCR0b3ASAAGGoKgHCBMUFRYaIVUkbnVsbNMJCgsMDxJXTlMua2V5c1pOUy5vYmplY3RzViRjbGFzc6INDoACgAOiEBGABIAFgAdccmVsYXRpdmVQYXRoWWFsaWFzRGF0YV8QLkRvY3MvUHVudHNhZ19ldF9hbC0yMDE2LVNjaWVudGlmaWNfUmVwb3J0cy5wZGbSFwsYGVdOUy5kYXRhTxECZgAAAAACZgACAAAMTWFjaW50b3NoIEhEAAAAAAAAAAAAAAAAAAAAykEGDEgrAAAEJ7QjH1B1bnRzYWdfZXRfYWwtMjAxNi0jNDI3OUJDQi5wZGYAAAAAAAAAAAAAAAAAAAAAAAAAAAAAAAAAAAAAAAAAAAQnm8vTDFobAAAAAAAAAAAAAQADAAAJIAAAAAAAAAAAAAAAAAAAAAREb2NzABAACAAAykDp7AAAABEACAAA0wxMCwAAAAEAIAQntCMEJ7NOA7G9+QCpmHoAkMIpAAUCFQAFAhQAAL7sAAIAhE1hY2ludG9zaCBIRDpVc2VyczoASnVzdGU6AERvY3VtZW50czoAQ29tcGxleFN5c3RlbXM6AEJpYmxpbzoARG9tYWluU3BlY2lmaWM6AENsaW1hdGVTY2llbmNlczoARG9jczoAUHVudHNhZ19ldF9hbC0yMDE2LSM0Mjc5QkNCLnBkZgAOAFQAKQBQAHUAbgB0AHMAYQBnAF8AZQB0AF8AYQBsAC0AMgAwADEANgAtAFMAYwBpAGUAbgB0AGkAZgBpAGMAXwBSAGUAcABvAHIAdABzAC4AcABkAGYADwAaAAwATQBhAGMAaQBuAHQAbwBzAGgAIABIAEQAEgB5VXNlcnMvSnVzdGUvRG9jdW1lbnRzL0NvbXBsZXhTeXN0ZW1zL0JpYmxpby9Eb21haW5TcGVjaWZpYy9DbGltYXRlU2NpZW5jZXMvRG9jcy9QdW50c2FnX2V0X2FsLTIwMTYtU2NpZW50aWZpY19SZXBvcnRzLnBkZgAAEwABLwAAFQACAAz//wAAgAbSGxwdHlokY2xhc3NuYW1lWCRjbGFzc2VzXU5TTXV0YWJsZURhdGGjHR8gVk5TRGF0YVhOU09iamVjdNIbHCIjXE5TRGljdGlvbmFyeaIiIF8QD05TS2V5ZWRBcmNoaXZlctEmJ1Ryb290gAEACAARABoAIwAtADIANwBAAEYATQBVAGAAZwBqAGwAbgBxAHMAdQB3AIQAjgC/AMQAzAM2AzgDPQNIA1EDXwNjA2oDcwN4A4UDiAOaA50DogAAAAAAAAIBAAAAAAAAACgAAAAAAAAAAAAAAAAAAAOk},
	Bdsk-Url-1 = {http://dx.doi.org/10.1038/srep22647}}
