
@article{shepon2018opportunity,
	  title={The opportunity cost of animal based diets exceeds all food losses},
	    author={Shepon, Alon and Eshel, Gidon and Noor, Elad and Milo, Ron},
	      journal={Proceedings of the National Academy of Sciences},
	        pages={201713820},
		  year={2018},
		    publisher={National Acad Sciences}
}



