




@ARTICLE{2018arXiv180605977L,
   author = {{Lambiotte}, R. and {Rosvall}, M. and {Scholtes}, I.},
    title = "{Understanding Complex Systems: From Networks to Optimal Higher-Order Models}",
  journal = {ArXiv e-prints},
archivePrefix = "arXiv",
   eprint = {1806.05977},
 primaryClass = "physics.soc-ph",
 keywords = {Physics - Physics and Society, Condensed Matter - Disordered Systems and Neural Networks, Computer Science - Social and Information Networks, Physics - Data Analysis, Statistics and Probability},
     year = 2018,
    month = jun,
   adsurl = {http://adsabs.harvard.edu/abs/2018arXiv180605977L},
  adsnote = {Provided by the SAO/NASA Astrophysics Data System},
  file={Docs/1806.05977.pdf}
}



@article{grindrod2018high,
  title={High modularity creates scaling laws},
  author={Grindrod, Peter and Higham, Desmond},
  journal={Scientific Reports},
  year={2018},
  file={Docs/Grindrod_Higham_SR_2018_High_modularity_creates_scaling_laws.pdf}
}




@article{cheng2018voting,
	Author = {Cheng, Jianjun and Yin, Xinhong and Li, Qi and Yang, Haijuan and Li, Longjie and Leng, Mingwei and Chen, Xiaoyun},
	Journal = {Scientific Reports},
	Number = {1},
	Pages = {8064},
	Title = {Voting Simulation based Agglomerative Hierarchical Method for Network Community Detection},
	Volume = {8},
	Year = {2018},
	file={Docs/s41598-018-26415-3.pdf}
}





@article{mocanu2018decentralized,
  title={Decentralized dynamic understanding of hidden relations in complex networks},
  author={Mocanu, Decebal Constantin and Exarchakos, Georgios and Liotta, Antonio},
  journal={Scientific reports},
  volume={8},
  number={1},
  pages={1571},
  year={2018},
  publisher={Nature Publishing Group},
  file={Docs/s41598-018-19356-4.pdf}
}


@ARTICLE{2018PhRvE..97d2311Y,
   author = {{Yoon}, S. and {Goltsev}, A.~V. and {Mendes}, J.~F.~F.},
    title = "{Structural stability of interaction networks against negative external fields}",
  journal = {\pre},
archivePrefix = "arXiv",
   eprint = {1801.08210},
 primaryClass = "cond-mat.dis-nn",
     year = 2018,
    month = apr,
   volume = 97,
   number = 4,
      eid = {042311},
    pages = {042311},
      doi = {10.1103/PhysRevE.97.042311},
   adsurl = {http://adsabs.harvard.edu/abs/2018PhRvE..97d2311Y},
  adsnote = {Provided by the SAO/NASA Astrophysics Data System},
  file={Docs/1801.08210.pdf}
}





@ARTICLE{2018arXiv180107351D,
   author = {{Donnat}, C. and {Holmes}, S.},
    title = "{Tracking network dynamics: a survey of distances and similarity metrics}",
  journal = {ArXiv e-prints},
archivePrefix = "arXiv",
   eprint = {1801.07351},
 primaryClass = "stat.AP",
 keywords = {Statistics - Applications, Computer Science - Social and Information Networks, Physics - Physics and Society},
     year = 2018,
    month = jan,
   adsurl = {http://adsabs.harvard.edu/abs/2018arXiv180107351D},
  adsnote = {Provided by the SAO/NASA Astrophysics Data System},
  file={Docs/1801.07351.pdf}
}





@ARTICLE{2017SciA....3E1079G,
   author = {{Ganin}, A.~A. and {Kitsak}, M. and {Marchese}, D. and {Keisler}, J.~M. and 
	{Seager}, T. and {Linkov}, I.},
    title = "{Resilience and efficiency in transportation networks}",
  journal = {Science Advances},
archivePrefix = "arXiv",
   eprint = {1712.08072},
 primaryClass = "physics.soc-ph",
     year = 2017,
    month = dec,
   volume = 3,
    pages = {e1701079},
      doi = {10.1126/sciadv.1701079},
   adsurl = {http://adsabs.harvard.edu/abs/2017SciA....3E1079G},
  adsnote = {Provided by the SAO/NASA Astrophysics Data System},
  file={Docs/1712.08072.pdf}
}



@ARTICLE{2018PhRvE..97c2309M,
   author = {{Murphy}, C. and {Allard}, A. and {Laurence}, E. and {St-Onge}, G. and 
	{Dub{\'e}}, L.~J.},
    title = "{Geometric evolution of complex networks with degree correlations}",
  journal = {\pre},
archivePrefix = "arXiv",
   eprint = {1710.01600},
 primaryClass = "physics.soc-ph",
     year = 2018,
    month = mar,
   volume = 97,
   number = 3,
      eid = {032309},
    pages = {032309},
      doi = {10.1103/PhysRevE.97.032309},
   adsurl = {http://adsabs.harvard.edu/abs/2018PhRvE..97c2309M},
  adsnote = {Provided by the SAO/NASA Astrophysics Data System},
  file={Docs/1710.01600.pdf}
}



@ARTICLE{2018arXiv180502375O,
   author = {{Oldham}, S. and {Fulcher}, B. and {Parkes}, L. and {Arnatkeviciute}, A. and 
	{Suo}, C. and {Fornito}, A.},
    title = "{Consistency and differences between centrality metrics across distinct classes of networks}",
  journal = {ArXiv e-prints},
archivePrefix = "arXiv",
   eprint = {1805.02375},
 keywords = {Computer Science - Social and Information Networks},
     year = 2018,
    month = may,
   adsurl = {http://adsabs.harvard.edu/abs/2018arXiv180502375O},
  adsnote = {Provided by the SAO/NASA Astrophysics Data System},
  file={Docs/1805.02375.pdf}
}



@article{peel2018multiscale,
	  title={Multiscale mixing patterns in networks},
	    author={Peel, Leto and Delvenne, Jean-Charles and Lambiotte, Renaud},
	      journal={Proceedings of the National Academy of Sciences},
	        pages={201713019},
		  year={2018},
		    publisher={National Acad Sciences},
		    file={Docs/4057.full.pdf}
}



