

@ARTICLE{2018arXiv180808113J,
   author = {{James}, C. and {Azaele}, S. and {Maritan}, A. and {Simini}, F.
	},
    title = "{Zipf's and Taylor's Laws}",
  journal = {ArXiv e-prints},
archivePrefix = "arXiv",
   eprint = {1808.08113},
 primaryClass = "physics.soc-ph",
 keywords = {Physics - Physics and Society},
     year = 2018,
    month = aug,
   adsurl = {http://adsabs.harvard.edu/abs/2018arXiv180808113J},
  adsnote = {Provided by the SAO/NASA Astrophysics Data System},
  file={Docs/1808.08113.pdf}
}


