

@article{de2013transportation,
  title={Transportation policy as spatial planning tool; reducing urban sprawl by increasing travel costs and clustering infrastructure and public transportation},
  author={De Vos, Jonas and Witlox, Frank},
  journal={Journal of Transport Geography},
  volume={33},
  pages={117--125},
  year={2013},
  publisher={Elsevier},
  file={Docs/Transportation_policy_as_spatial_plannin.pdf}
}


