



@article{Heigl8089,
	author = {Heigl, Florian and Kieslinger, Barbara and Paul, Katharina T. and Uhlik, Julia and D{\"o}rler, Daniel},
	title = {Opinion: Toward an international definition of citizen science},
	volume = {116},
	number = {17},
	pages = {8089--8092},
	year = {2019},
	doi = {10.1073/pnas.1903393116},
	publisher = {National Academy of Sciences},
	issn = {0027-8424},
	URL = {https://www.pnas.org/content/116/17/8089},
	eprint = {https://www.pnas.org/content/116/17/8089.full.pdf},
	journal = {Proceedings of the National Academy of Sciences},
	file={Docs/8089.full.pdf}
}




@article{McNutt5861,
	author = {McNutt, Marcia},
	title = {Reply to Kiley and Smits: Meeting Plan S{\textquoteright}s goal of maximizing access to research},
	volume = {116},
	number = {13},
	pages = {5861--5861},
	year = {2019},
	doi = {10.1073/pnas.1902498116},
	publisher = {National Academy of Sciences},
	issn = {0027-8424},
	URL = {https://www.pnas.org/content/116/13/5861},
	eprint = {https://www.pnas.org/content/116/13/5861.full.pdf},
	journal = {Proceedings of the National Academy of Sciences},
	file={Docs/5861.full.pdf}
}


@article{Kiley5859,
	author = {Kiley, Robert and Smits, Robert-Jan},
	title = {cOAlition S: Response to PNAS},
	volume = {116},
	number = {13},
	pages = {5859--5860},
	year = {2019},
	doi = {10.1073/pnas.1902136116},
	publisher = {National Academy of Sciences},
	issn = {0027-8424},
	URL = {https://www.pnas.org/content/116/13/5859},
	eprint = {https://www.pnas.org/content/116/13/5859.full.pdf},
	journal = {Proceedings of the National Academy of Sciences},
	file={Docs/5859.full.pdf}
}



@misc{scholarly2014how
  author={Scholarly Publishing and Academic Resources Coalition and Public Library of Science},
  title={How open is it ? Open Access Spectrum},
  howpublished={https://www.plos.org/files/HowOpenIsIt_English.pdf},
  year={2014},
  file={Docs/HowOpenIsIt_English.pdf}
}


@article{scientificdata2018open,
	Author = {Nature Scientific Data},
	Journal = {Scientific Data},
	Month = {09},
	Pages = {180204 EP  -},
	Title = {Open data, open curation},
	Volume = {5},
	Year = {2018},
	file={Docs/sdata2018204.pdf}
}



@article{pumain2018construire,
author={Denise Pumain}, 
title={Construire l’ouverture},
journal={Cybergeo : European Journal of Geography}
url={http://journals.openedition.org/cybergeo/29337},
year={2018}
}


@article{kosmopoulos2018humanities,
  title={Humanities and Social Sciences (HSS) at the head of Open Access as demonstrated from Cybergeo’s experience},
  journal={Cybergeo European Journal of Geography},
  author={Kosmopoulos, C. and Pumain, D.}
  year={2018},
  url={https://journals.openedition.org/cybergeo/29251}
}




@ARTICLE{2017arXiv171109260T,
   author = {{Tzermias}, Z. and {Papadopoulos}, P. and {Ioannidis}, S. and 
	{Prevelakis}, V.},
    title = "{Privacy Risks from Public Data Sources}",
  journal = {ArXiv e-prints},
archivePrefix = "arXiv",
   eprint = {1711.09260},
 primaryClass = "cs.CY",
 keywords = {Computer Science - Computers and Society},
     year = 2017,
    month = nov,
   adsurl = {http://adsabs.harvard.edu/abs/2017arXiv171109260T},
  adsnote = {Provided by the SAO/NASA Astrophysics Data System},
  file={Docs/1711.09260.pdf}
}

