


@ARTICLE{2009RvMP...81..591C,
       author = {{Castellano}, Claudio and {Fortunato}, Santo and {Loreto}, Vittorio},
        title = "{Statistical physics of social dynamics}",
      journal = {Reviews of Modern Physics},
     keywords = {05.10.-a, 89.20.-a, 89.75.-k, Computational methods in statistical physics and nonlinear dynamics, Interdisciplinary applications of physics, Complex systems, Physics - Physics and Society, Condensed Matter - Statistical Mechanics, Physics - Computational Physics},
         year = 2009,
        month = Apr,
       volume = {81},
        pages = {591-646},
          doi = {10.1103/RevModPhys.81.591},
archivePrefix = {arXiv},
       eprint = {0710.3256},
 primaryClass = {physics.soc-ph},
       adsurl = {https://ui.adsabs.harvard.edu/\#abs/2009RvMP...81..591C},
      adsnote = {Provided by the SAO/NASA Astrophysics Data System},
	file={Docs/0710.3256.pdf}
}





@ARTICLE{2019arXiv190104189B,
       author = {{Bertin}, Eric and {Jensen}, Pablo},
        title = "{In social complex systems, the whole can be more or less than (the sum of) the parts}",
      journal = {arXiv e-prints},
     keywords = {Physics - Physics and Society},
         year = 2019,
        month = Jan,
          eid = {arXiv:1901.04189},
        pages = {arXiv:1901.04189},
archivePrefix = {arXiv},
       eprint = {1901.04189},
 primaryClass = {physics.soc-ph},
       adsurl = {https://ui.adsabs.harvard.edu/\#abs/2019arXiv190104189B},
      adsnote = {Provided by the SAO/NASA Astrophysics Data System},
	file={Docs/1901.04189.pdf}
}






@book{jensen2018pourquoi,
  title={Pourquoi la soci{\'e}t{\'e} ne se laisse pas mettre en {\'e}quations},
  author={Jensen, Pablo},
  year={2018},
  publisher={Le Seuil}
}





@article{caldarelli2018physics,
  author = {Caldarelli, Guido and Wolf, Sarah and Moreno, Yamir},
  year = {2018},
  title = {Physics of humans, physics for society},
  journal = {Nature Physics},
  publisher = {Nature Publishing Group},
  issn = {1745-2473},
  doi = {10.1038/s41567-018-0266-x},
  volume = {14},
  month = {9},
  pages = {870--870},
  number = {9},
  url = {http:https://doi.org/10.1038/s41567-018-0266-x},
  file = {Docs/Caldarelli_et_al-2018-Nature_Physics.pdf}
}




@ARTICLE{2018arXiv180705100R,
   author = {{Richmond}, P. and {Roehner}, B.~M. and {Wang}, Q.-h.},
    title = "{The physics of large-scale food crises}",
  journal = {ArXiv e-prints},
archivePrefix = "arXiv",
   eprint = {1807.05100},
 primaryClass = "physics.bio-ph",
 keywords = {Physics - Biological Physics, Physics - Physics and Society},
     year = 2018,
    month = jul,
   adsurl = {http://adsabs.harvard.edu/abs/2018arXiv180705100R},
  adsnote = {Provided by the SAO/NASA Astrophysics Data System},
    file = {Docs/1807.05100.pdf}
}





@ARTICLE{2018arXiv180308511N,
   author = {{Notarmuzi}, D. and {Castellano}, C.},
    title = "{Analytical study of quality-biased competition dynamics for memes in social media}",
  journal = {ArXiv e-prints},
archivePrefix = "arXiv",
   eprint = {1803.08511},
 primaryClass = "physics.soc-ph",
 keywords = {Physics - Physics and Society, Condensed Matter - Statistical Mechanics, Computer Science - Social and Information Networks},
     year = 2018,
    month = mar,
   adsurl = {http://adsabs.harvard.edu/abs/2018arXiv180308511N},
  adsnote = {Provided by the SAO/NASA Astrophysics Data System},
  file={Docs/1803.08511.pdf}
}



