




@article{vuong2018open,
	Author = {Vuong, Quan-Hoang and La, Viet-Phuong and Vuong, Thu-Trang and Ho, Manh-Toan and Nguyen, Hong-Kong T. and Nguyen, Viet-Ha and Pham, Hiep-Hung and Ho, Manh-Tung},
	Journal = {Scientific Data},
	Month = {09},
	Pages = {180188 EP  -},
	Title = {An open database of productivity in Vietnam's social sciences and humanities for public use},
	Volume = {5},
	Year = {2018},
	file={Docs/sdata2018188.pdf}
}



@article{chen2010community,
  title={Community structure of the physical review citation network},
  author={Chen, P and Redner, Sidney},
  journal={Journal of Informetrics},
  volume={4},
  number={3},
  pages={278--290},
  year={2010},
  publisher={Elsevier},
  file={Docs/chen2010.pdf}
}



@ARTICLE{2018arXiv180805053M,
   author = {{Mart{\'{\i}}n-Mart{\'{\i}}n}, A. and {Orduna-Malea}, E. and 
	{Thelwall}, M. and {Delgado L{\'o}pez-C{\'o}zar}, E.},
    title = "{Google Scholar, Web of Science, and Scopus: a systematic comparison of citations in 252 subject categories}",
  journal = {ArXiv e-prints},
archivePrefix = "arXiv",
   eprint = {1808.05053},
 primaryClass = "cs.DL",
 keywords = {Computer Science - Digital Libraries},
     year = 2018,
    month = aug,
   adsurl = {http://adsabs.harvard.edu/abs/2018arXiv180805053M},
  adsnote = {Provided by the SAO/NASA Astrophysics Data System},
  file={Docs/1808.05053.pdf}
}


@ARTICLE{2018arXiv180504647P,
   author = {{Price}, T. and {Hossenfelder}, S.},
    title = "{Measuring Scientific Broadness}",
  journal = {ArXiv e-prints},
archivePrefix = "arXiv",
   eprint = {1805.04647},
 primaryClass = "physics.soc-ph",
 keywords = {Physics - Physics and Society, Computer Science - Digital Libraries},
     year = 2018,
    month = may,
   adsurl = {http://adsabs.harvard.edu/abs/2018arXiv180504647P},
  adsnote = {Provided by the SAO/NASA Astrophysics Data System},
  file={Docs/1805.04647.pdf}
}



@ARTICLE{2018arXiv180704712S,
   author = {{Schulz}, C. and {Uzzi}, B. and {Helbing}, D. and {Woolley-Meza}, O.
	},
    title = "{A network-based citation indicator of scientific performance}",
  journal = {ArXiv e-prints},
archivePrefix = "arXiv",
   eprint = {1807.04712},
 primaryClass = "cs.DL",
 keywords = {Computer Science - Digital Libraries, Computer Science - Social and Information Networks, Physics - Physics and Society},
     year = 2018,
    month = jul,
   adsurl = {http://adsabs.harvard.edu/abs/2018arXiv180704712S},
  adsnote = {Provided by the SAO/NASA Astrophysics Data System},
    file={Docs/1807.04712.pdf}
}





@article{harzing2013practicing,
  title={Practicing what we preach},
  author={Harzing, Anne-Wil and Metz, Isabel},
  journal={Management International Review},
  volume={53},
  number={2},
  pages={169--187},
  year={2013},
  publisher={Springer},
  file={Docs/harzing2012.pdf}
}






@ARTICLE{2017EL....12050001O,
   author = {{Onofrio}, R.},
    title = "{A proposal for a quantitative indicator of original research output}",
  journal = {EPL (Europhysics Letters)},
archivePrefix = "arXiv",
   eprint = {1712.08337},
 primaryClass = "physics.soc-ph",
     year = 2017,
    month = dec,
   volume = 120,
    pages = {50001},
      doi = {10.1209/0295-5075/120/50001},
   adsurl = {http://adsabs.harvard.edu/abs/2017EL....12050001O},
  adsnote = {Provided by the SAO/NASA Astrophysics Data System},
  file={Docs/1712.08337.pdf}
}





@ARTICLE{2017arXiv171207910B,
   author = {{Bonaventura}, M. and {Latora}, V. and {Nicosia}, V. and {Panzarasa}, P.
	},
    title = "{The advantages of interdisciplinarity in modern science}",
  journal = {ArXiv e-prints},
archivePrefix = "arXiv",
   eprint = {1712.07910},
 primaryClass = "physics.soc-ph",
 keywords = {Physics - Physics and Society},
     year = 2017,
    month = dec,
   adsurl = {http://adsabs.harvard.edu/abs/2017arXiv171207910B},
  adsnote = {Provided by the SAO/NASA Astrophysics Data System},
  file={Docs/1712.07910.pdf}
}




@ARTICLE{2017arXiv171203081E,
   author = {{Esta{\~n}ol}, M. and {Masucci}, F. and {Mosca}, A. and {R{\`a}fols}, I.
	},
    title = "{Mapping knowledge with ontologies: the case of obesity}",
  journal = {ArXiv e-prints},
archivePrefix = "arXiv",
   eprint = {1712.03081},
 primaryClass = "cs.CY",
 keywords = {Computer Science - Computers and Society},
     year = 2017,
    month = dec,
   adsurl = {http://adsabs.harvard.edu/abs/2017arXiv171203081E},
  adsnote = {Provided by the SAO/NASA Astrophysics Data System},
  file={Docs/1712.03081.pdf}
}



@article{way2017misleading,
  title={The misleading narrative of the canonical faculty productivity trajectory},
  author={Way, Samuel F and Morgan, Allison C and Clauset, Aaron and Larremore, Daniel B},
  journal={Proceedings of the National Academy of Sciences},
  pages={201702121},
  year={2017},
  publisher={National Acad Sciences},
  file={Docs/10.1073@pnas.1702121114.pdf}
}



@article{xie2018feature,
	  title={Feature analysis of multidisciplinary scientific collaboration patterns based on PNAS},
	    author={Xie, Zheng and Li, Miao and Li, Jianping and Duan, Xiaojun and Ouyang, Zhenzheng},
	      journal={EPJ Data Science},
	        volume={7},
		  number={1},
		    pages={5},
		      year={2018},
		        publisher={SpringerOpen},
			file={Docs/s13688-018-0134-z.pdf}
}





@article{gerow2018measuring,
	  title={Measuring discursive influence across scholarship},
	    author={Gerow, Aaron and Hu, Yuening and Boyd-Graber, Jordan and Blei, David M and Evans, James A},
	      journal={Proceedings of the National Academy of Sciences},
	        pages={201719792},
		  year={2018},
		    publisher={National Acad Sciences},
		    file={Docs/3308.full.pdf}
}



@article{kastrin2018science,
	  title={Is science driven by principal investigators?},
	    author={Kastrin, Andrej and Klisara, Jelena and Lu{\v{z}}ar, Borut and Povh, Janez},
	      journal={arXiv preprint arXiv:1804.01062},
	        year={2018},
		file={Docs/1804.01062.pdf}
}



@article{poder2015framework,
	Author = {Poder, Endel},
	Date-Added = {2016-03-14 18:53:58 +0000},
	Date-Modified = {2016-03-14 18:53:58 +0000},
	Journal = {arXiv preprint arXiv:1510.02749},
	Title = {A framework for the measurement and prediction of an individual scientist's performance},
	Year = {2015},
	Bdsk-File-1 = {YnBsaXN0MDDUAQIDBAUGJCVYJHZlcnNpb25YJG9iamVjdHNZJGFyY2hpdmVyVCR0b3ASAAGGoKgHCBMUFRYaIVUkbnVsbNMJCgsMDxJXTlMua2V5c1pOUy5vYmplY3RzViRjbGFzc6INDoACgAOiEBGABIAFgAdccmVsYXRpdmVQYXRoWWFsaWFzRGF0YV8QFURvY3MvMTUxMC4wMjc0OXYxLnBkZtIXCxgZV05TLmRhdGFPEQIIAAAAAAIIAAIAAAxNYWNpbnRvc2ggSEQAAAAAAAAAAAAAAAAAAADKQQYMSCsAAAQnuqMQMTUxMC4wMjc0OXYxLnBkZgAAAAAAAAAAAAAAAAAAAAAAAAAAAAAAAAAAAAAAAAAAAAAAAAAAAAAAAAAAAAAAA2gIV9JBS+IAAAAAAAAAAAABAAMAAAkgAAAAAAAAAAAAAAAAAAAABERvY3MAEAAIAADKQOnsAAAAEQAIAADSQS/CAAAAAQAgBCe6owQnuqEDsb35AKmYegCQwikABQIVAAUCFAAAvuwAAgBzTWFjaW50b3NoIEhEOlVzZXJzOgBKdXN0ZToARG9jdW1lbnRzOgBDb21wbGV4U3lzdGVtczoAQmlibGlvOgBEb21haW5TcGVjaWZpYzoAQmlibGlvbWV0cmljczoARG9jczoAMTUxMC4wMjc0OXYxLnBkZgAADgAiABAAMQA1ADEAMAAuADAAMgA3ADQAOQB2ADEALgBwAGQAZgAPABoADABNAGEAYwBpAG4AdABvAHMAaAAgAEgARAASAF5Vc2Vycy9KdXN0ZS9Eb2N1bWVudHMvQ29tcGxleFN5c3RlbXMvQmlibGlvL0RvbWFpblNwZWNpZmljL0JpYmxpb21ldHJpY3MvRG9jcy8xNTEwLjAyNzQ5djEucGRmABMAAS8AABUAAgAM//8AAIAG0hscHR5aJGNsYXNzbmFtZVgkY2xhc3Nlc11OU011dGFibGVEYXRhox0fIFZOU0RhdGFYTlNPYmplY3TSGxwiI1xOU0RpY3Rpb25hcnmiIiBfEA9OU0tleWVkQXJjaGl2ZXLRJidUcm9vdIABAAgAEQAaACMALQAyADcAQABGAE0AVQBgAGcAagBsAG4AcQBzAHUAdwCEAI4ApgCrALMCvwLBAsYC0QLaAugC7ALzAvwDAQMOAxEDIwMmAysAAAAAAAACAQAAAAAAAAAoAAAAAAAAAAAAAAAAAAADLQ==}}

@article{sahoo2015analyzing,
	Author = {Sahoo, Shaon},
	Date-Added = {2016-03-14 18:50:49 +0000},
	Date-Modified = {2016-03-14 18:50:49 +0000},
	Journal = {arXiv preprint arXiv:1507.05602},
	Title = {Analyzing research performance: proposition of a new complementary index},
	Year = {2015},
	Bdsk-File-1 = {YnBsaXN0MDDUAQIDBAUGJCVYJHZlcnNpb25YJG9iamVjdHNZJGFyY2hpdmVyVCR0b3ASAAGGoKgHCBMUFRYaIVUkbnVsbNMJCgsMDxJXTlMua2V5c1pOUy5vYmplY3RzViRjbGFzc6INDoACgAOiEBGABIAFgAdccmVsYXRpdmVQYXRoWWFsaWFzRGF0YV8QFURvY3MvMTUwNy4wNTYwMnYzLnBkZtIXCxgZV05TLmRhdGFPEQIIAAAAAAIIAAIAAAxNYWNpbnRvc2ggSEQAAAAAAAAAAAAAAAAAAADKQQYMSCsAAAQnuqMQMTUwNy4wNTYwMnYzLnBkZgAAAAAAAAAAAAAAAAAAAAAAAAAAAAAAAAAAAAAAAAAAAAAAAAAAAAAAAAAAAAAAA+v3wNK0Mi8AAAAAAAAAAAABAAMAAAkgAAAAAAAAAAAAAAAAAAAABERvY3MAEAAIAADKQOnsAAAAEQAIAADStCQfAAAAAQAgBCe6owQnuqEDsb35AKmYegCQwikABQIVAAUCFAAAvuwAAgBzTWFjaW50b3NoIEhEOlVzZXJzOgBKdXN0ZToARG9jdW1lbnRzOgBDb21wbGV4U3lzdGVtczoAQmlibGlvOgBEb21haW5TcGVjaWZpYzoAQmlibGlvbWV0cmljczoARG9jczoAMTUwNy4wNTYwMnYzLnBkZgAADgAiABAAMQA1ADAANwAuADAANQA2ADAAMgB2ADMALgBwAGQAZgAPABoADABNAGEAYwBpAG4AdABvAHMAaAAgAEgARAASAF5Vc2Vycy9KdXN0ZS9Eb2N1bWVudHMvQ29tcGxleFN5c3RlbXMvQmlibGlvL0RvbWFpblNwZWNpZmljL0JpYmxpb21ldHJpY3MvRG9jcy8xNTA3LjA1NjAydjMucGRmABMAAS8AABUAAgAM//8AAIAG0hscHR5aJGNsYXNzbmFtZVgkY2xhc3Nlc11OU011dGFibGVEYXRhox0fIFZOU0RhdGFYTlNPYmplY3TSGxwiI1xOU0RpY3Rpb25hcnmiIiBfEA9OU0tleWVkQXJjaGl2ZXLRJidUcm9vdIABAAgAEQAaACMALQAyADcAQABGAE0AVQBgAGcAagBsAG4AcQBzAHUAdwCEAI4ApgCrALMCvwLBAsYC0QLaAugC7ALzAvwDAQMOAxEDIwMmAysAAAAAAAACAQAAAAAAAAAoAAAAAAAAAAAAAAAAAAADLQ==}}

@article{acharya2014rise,
	Author = {Acharya, Anurag and Verstak, Alex and Suzuki, Helder and Henderson, Sean and Iakhiaev, Mikhail and Lin, Cliff Chiung Yu and Shetty, Namit},
	Date-Added = {2016-03-14 18:16:47 +0000},
	Date-Modified = {2016-03-14 18:16:47 +0000},
	Journal = {arXiv preprint arXiv:1410.2217},
	Title = {Rise of the rest: the growing impact of non-elite journals},
	Year = {2014},
	Bdsk-File-1 = {YnBsaXN0MDDUAQIDBAUGJCVYJHZlcnNpb25YJG9iamVjdHNZJGFyY2hpdmVyVCR0b3ASAAGGoKgHCBMUFRYaIVUkbnVsbNMJCgsMDxJXTlMua2V5c1pOUy5vYmplY3RzViRjbGFzc6INDoACgAOiEBGABIAFgAdccmVsYXRpdmVQYXRoWWFsaWFzRGF0YV8QEkRvY3MvMTQxMC4yMjE3LnBkZtIXCxgZV05TLmRhdGFPEQH8AAAAAAH8AAIAAAxNYWNpbnRvc2ggSEQAAAAAAAAAAAAAAAAAAADKQQYMSCsAAAQnuqMNMTQxMC4yMjE3LnBkZgAAAAAAAAAAAAAAAAAAAAAAAAAAAAAAAAAAAAAAAAAAAAAAAAAAAAAAAAAAAAAAAAAAAnYYT9GE2YAAAAAAAAAAAAABAAMAAAkgAAAAAAAAAAAAAAAAAAAABERvY3MAEAAIAADKQOnsAAAAEQAIAADRhL1gAAAAAQAgBCe6owQnuqEDsb35AKmYegCQwikABQIVAAUCFAAAvuwAAgBwTWFjaW50b3NoIEhEOlVzZXJzOgBKdXN0ZToARG9jdW1lbnRzOgBDb21wbGV4U3lzdGVtczoAQmlibGlvOgBEb21haW5TcGVjaWZpYzoAQmlibGlvbWV0cmljczoARG9jczoAMTQxMC4yMjE3LnBkZgAOABwADQAxADQAMQAwAC4AMgAyADEANwAuAHAAZABmAA8AGgAMAE0AYQBjAGkAbgB0AG8AcwBoACAASABEABIAW1VzZXJzL0p1c3RlL0RvY3VtZW50cy9Db21wbGV4U3lzdGVtcy9CaWJsaW8vRG9tYWluU3BlY2lmaWMvQmlibGlvbWV0cmljcy9Eb2NzLzE0MTAuMjIxNy5wZGYAABMAAS8AABUAAgAM//8AAIAG0hscHR5aJGNsYXNzbmFtZVgkY2xhc3Nlc11OU011dGFibGVEYXRhox0fIFZOU0RhdGFYTlNPYmplY3TSGxwiI1xOU0RpY3Rpb25hcnmiIiBfEA9OU0tleWVkQXJjaGl2ZXLRJidUcm9vdIABAAgAEQAaACMALQAyADcAQABGAE0AVQBgAGcAagBsAG4AcQBzAHUAdwCEAI4AowCoALACsAKyArcCwgLLAtkC3QLkAu0C8gL/AwIDFAMXAxwAAAAAAAACAQAAAAAAAAAoAAAAAAAAAAAAAAAAAAADHg==}}

@article{lariviere2009decline,
	Author = {Larivi{\`e}re, Vincent and Gingras, Yves and Archambault, {\'E}ric},
	Date-Added = {2016-03-14 17:51:29 +0000},
	Date-Modified = {2016-03-14 17:51:29 +0000},
	Journal = {Journal of the American Society for Information Science and Technology},
	Number = {4},
	Pages = {858--862},
	Publisher = {Wiley Online Library},
	Title = {The decline in the concentration of citations, 1900--2007},
	Volume = {60},
	Year = {2009},
	Bdsk-File-1 = {YnBsaXN0MDDUAQIDBAUGJCVYJHZlcnNpb25YJG9iamVjdHNZJGFyY2hpdmVyVCR0b3ASAAGGoKgHCBMUFRYaIVUkbnVsbNMJCgsMDxJXTlMua2V5c1pOUy5vYmplY3RzViRjbGFzc6INDoACgAOiEBGABIAFgAdccmVsYXRpdmVQYXRoWWFsaWFzRGF0YV8QEkRvY3MvMDgwOS41MjUwLnBkZtIXCxgZV05TLmRhdGFPEQH8AAAAAAH8AAIAAAxNYWNpbnRvc2ggSEQAAAAAAAAAAAAAAAAAAADKQQYMSCsAAAQnuqMNMDgwOS41MjUwLnBkZgAAAAAAAAAAAAAAAAAAAAAAAAAAAAAAAAAAAAAAAAAAAAAAAAAAAAAAAAAAAAAAAAAAAhlwXNDwb/IAAAAAAAAAAAABAAMAAAkgAAAAAAAAAAAAAAAAAAAABERvY3MAEAAIAADKQOnsAAAAEQAIAADQ8GHiAAAAAQAgBCe6owQnuqEDsb35AKmYegCQwikABQIVAAUCFAAAvuwAAgBwTWFjaW50b3NoIEhEOlVzZXJzOgBKdXN0ZToARG9jdW1lbnRzOgBDb21wbGV4U3lzdGVtczoAQmlibGlvOgBEb21haW5TcGVjaWZpYzoAQmlibGlvbWV0cmljczoARG9jczoAMDgwOS41MjUwLnBkZgAOABwADQAwADgAMAA5AC4ANQAyADUAMAAuAHAAZABmAA8AGgAMAE0AYQBjAGkAbgB0AG8AcwBoACAASABEABIAW1VzZXJzL0p1c3RlL0RvY3VtZW50cy9Db21wbGV4U3lzdGVtcy9CaWJsaW8vRG9tYWluU3BlY2lmaWMvQmlibGlvbWV0cmljcy9Eb2NzLzA4MDkuNTI1MC5wZGYAABMAAS8AABUAAgAM//8AAIAG0hscHR5aJGNsYXNzbmFtZVgkY2xhc3Nlc11OU011dGFibGVEYXRhox0fIFZOU0RhdGFYTlNPYmplY3TSGxwiI1xOU0RpY3Rpb25hcnmiIiBfEA9OU0tleWVkQXJjaGl2ZXLRJidUcm9vdIABAAgAEQAaACMALQAyADcAQABGAE0AVQBgAGcAagBsAG4AcQBzAHUAdwCEAI4AowCoALACsAKyArcCwgLLAtkC3QLkAu0C8gL/AwIDFAMXAxwAAAAAAAACAQAAAAAAAAAoAAAAAAAAAAAAAAAAAAADHg==}}

@article{verstak2014shoulders,
	Author = {Verstak, Alex and Acharya, Anurag and Suzuki, Helder and Henderson, Sean and Iakhiaev, Mikhail and Lin, Cliff Chiung Yu and Shetty, Namit},
	Date-Added = {2016-03-14 13:00:07 +0000},
	Date-Modified = {2016-03-14 13:00:07 +0000},
	Journal = {arXiv preprint arXiv:1411.0275},
	Title = {On the shoulders of giants: the growing impact of older Articles},
	Year = {2014},
	Bdsk-File-1 = {YnBsaXN0MDDUAQIDBAUGJCVYJHZlcnNpb25YJG9iamVjdHNZJGFyY2hpdmVyVCR0b3ASAAGGoKgHCBMUFRYaIVUkbnVsbNMJCgsMDxJXTlMua2V5c1pOUy5vYmplY3RzViRjbGFzc6INDoACgAOiEBGABIAFgAdccmVsYXRpdmVQYXRoWWFsaWFzRGF0YV8QFERvY3MvMTQxMS4wMjc1djEucGRm0hcLGBlXTlMuZGF0YU8RAgQAAAAAAgQAAgAADE1hY2ludG9zaCBIRAAAAAAAAAAAAAAAAAAAAMpBBgxIKwAABCe6ow8xNDExLjAyNzV2MS5wZGYAAAAAAAAAAAAAAAAAAAAAAAAAAAAAAAAAAAAAAAAAAAAAAAAAAAAAAAAAAAAAAAACIRWM0QfjEgAAAAAAAAAAAAEAAwAACSAAAAAAAAAAAAAAAAAAAAAERG9jcwAQAAgAAMpA6ewAAAARAAgAANEH1QIAAAABACAEJ7qjBCe6oQOxvfkAqZh6AJDCKQAFAhUABQIUAAC+7AACAHJNYWNpbnRvc2ggSEQ6VXNlcnM6AEp1c3RlOgBEb2N1bWVudHM6AENvbXBsZXhTeXN0ZW1zOgBCaWJsaW86AERvbWFpblNwZWNpZmljOgBCaWJsaW9tZXRyaWNzOgBEb2NzOgAxNDExLjAyNzV2MS5wZGYADgAgAA8AMQA0ADEAMQAuADAAMgA3ADUAdgAxAC4AcABkAGYADwAaAAwATQBhAGMAaQBuAHQAbwBzAGgAIABIAEQAEgBdVXNlcnMvSnVzdGUvRG9jdW1lbnRzL0NvbXBsZXhTeXN0ZW1zL0JpYmxpby9Eb21haW5TcGVjaWZpYy9CaWJsaW9tZXRyaWNzL0RvY3MvMTQxMS4wMjc1djEucGRmAAATAAEvAAAVAAIADP//AACABtIbHB0eWiRjbGFzc25hbWVYJGNsYXNzZXNdTlNNdXRhYmxlRGF0YaMdHyBWTlNEYXRhWE5TT2JqZWN00hscIiNcTlNEaWN0aW9uYXJ5oiIgXxAPTlNLZXllZEFyY2hpdmVy0SYnVHJvb3SAAQAIABEAGgAjAC0AMgA3AEAARgBNAFUAYABnAGoAbABuAHEAcwB1AHcAhACOAKUAqgCyAroCvALBAswC1QLjAucC7gL3AvwDCQMMAx4DIQMmAAAAAAAAAgEAAAAAAAAAKAAAAAAAAAAAAAAAAAAAAyg=}}
