

@article{franccois2017environmental,
  title={Environmental assessment of urban mobility: Combining life cycle assessment with land-use and transport interaction modellingâ€”Application to Lyon (France)},
  author={Fran{\c{c}}ois, Cyrille and Gondran, Natacha and Nicolas, Jean-Pierre and Parsons, David},
  journal={Ecological Indicators},
  volume={72},
  pages={597--604},
  year={2017},
  publisher={Elsevier},
  file={Docs/10.1016@j.ecolind.2016.07.014.pdf}
}

