
@article{von1973meaning,
  title={The meaning of general system theory},
  author={Von Bertalanffy, Ludwig},
  journal={General system theory: Foundations, development, applications},
  pages={30--53},
  year={1973},
  publisher={George Braziller Inc New York},
  file={Docs/Bertalanffy, Ludwig von - The Meaning of General System Theory.pdf}
}

