




@article{coulais2018multi,
  title={Multi-step self-guided pathways for shape-changing metamaterials},
  author={Coulais, Corentin and Sabbadini, Alberico and Vink, Fr{\'e} and van Hecke, Martin},
  journal={Nature},
  volume={561},
  number={7724},
  pages={512},
  year={2018},
  publisher={Nature Publishing Group},
  file={Docs/10.1038@s41586-018-0541-0.pdf}
}



@article{Moretti:2018aa,
	Author = {Moretti, Paolo and Dietemann, Bastien and Esfandiary, Nosaibeh and Zaiser, Michael},
	Journal = {Scientific Reports},
	Number = {1},
	Pages = {12090},
	Title = {Avalanche precursors of failure in hierarchical fuse networks},
	Volume = {8},
	Year = {2018},
	file={Docs/s41598-018-30539-x.pdf}
}



@article{liu2017distinct,
  title={Distinct ice patterns on solid surfaces with various wettabilities},
  author={Liu, Jie and Zhu, Chongqin and Liu, Kai and Jiang, Ying and Song, Yanlin and Francisco, Joseph S and Zeng, Xiao Cheng and Wang, Jianjun},
  journal={Proceedings of the National Academy of Sciences},
  volume={114},
  number={43},
  pages={11285--11290},
  year={2017},
  publisher={National Acad Sciences},
  file={Docs/10.1073@pnas.1712829114.pdf}
}

