

@article{vigni2013non,
  title={Les non-humains peuvent-ils etre des porte-parole?},
  author={Vigni, Fabrizio Li},
  journal={Commposite},
  volume={16},
  number={1},
  pages={44--61},
  year={2013},
  file={Docs/143-243-2-PB.pdf}
}

