


@article{cheng2017music,
  title={Music induced happy mood suppresses the neural responses to otherâ€™s pain: Evidences from an ERP study},
  author={Cheng, Jiaping and Jiao, Can and Luo, Yuejia and Cui, Fang},
  journal={Scientific reports},
  volume={7},
  number={1},
  pages={13054},
  year={2017},
  publisher={Nature Publishing Group},
  file={Docs/s41598-017-13386-0.pdf}
}



@article{bowling2017vocal,
  title={Vocal similarity predicts the relative attraction of musical chords},
  author={Bowling, Daniel L and Purves, Dale and Gill, Kamraan Z},
  journal={Proceedings of the National Academy of Sciences},
  pages={201713206},
  year={2017},
  publisher={National Acad Sciences},
  file={Docs/PNAS-2018-Bowling-216-21.pdf}
}




@ARTICLE{2017arXiv171208336N,
   author = {{Nag}, S. and {Sanyal}, S. and {Banerjee}, A. and {Sengupta}, R. and 
	{Ghosh}, D.},
    title = "{Music of Brain and Music on Brain: A Novel EEG Sonification approach}",
  journal = {ArXiv e-prints},
archivePrefix = "arXiv",
   eprint = {1712.08336},
 primaryClass = "q-bio.NC",
 keywords = {Quantitative Biology - Neurons and Cognition, Computer Science - Sound, Electrical Engineering and Systems Science - Audio and Speech Processing, Physics - Data Analysis, Statistics and Probability},
     year = 2017,
    month = dec,
   adsurl = {http://adsabs.harvard.edu/abs/2017arXiv171208336N},
  adsnote = {Provided by the SAO/NASA Astrophysics Data System},
  file={Docs/1712.08336.pdf}
}




@ARTICLE{2017arXiv171207417B,
   author = {{beim Graben}, P. and {Blutner}, R.},
    title = "{Quantum approaches to music cognition}",
  journal = {ArXiv e-prints},
archivePrefix = "arXiv",
   eprint = {1712.07417},
 primaryClass = "q-bio.NC",
 keywords = {Quantitative Biology - Neurons and Cognition},
     year = 2017,
    month = dec,
   adsurl = {http://adsabs.harvard.edu/abs/2017arXiv171207417B},
  adsnote = {Provided by the SAO/NASA Astrophysics Data System},
  file={Docs/1712.07417.pdf}
}



@ARTICLE{2017arXiv171202898S,
   author = {{Shuvaev}, S. and {Giaffar}, H. and {Koulakov}, A.~A.},
    title = "{Representations of Sound in Deep Learning of Audio Features from Music}",
  journal = {ArXiv e-prints},
archivePrefix = "arXiv",
   eprint = {1712.02898},
 primaryClass = "cs.SD",
 keywords = {Computer Science - Sound, Computer Science - Computer Vision and Pattern Recognition, Electrical Engineering and Systems Science - Audio and Speech Processing, Quantitative Biology - Neurons and Cognition},
     year = 2017,
    month = dec,
   adsurl = {http://adsabs.harvard.edu/abs/2017arXiv171202898S},
  adsnote = {Provided by the SAO/NASA Astrophysics Data System},
  file={Docs/1712.02898.pdf}
}




@ARTICLE{2018arXiv180506506K,
   author = {{Khosravani}, A. and {Rasinariu}, C.},
    title = "{Emergence of Benford's Law in Classical Music}",
  journal = {ArXiv e-prints},
archivePrefix = "arXiv",
   eprint = {1805.06506},
 primaryClass = "physics.soc-ph",
 keywords = {Physics - Physics and Society, Mathematics - Probability},
     year = 2018,
    month = may,
   adsurl = {http://adsabs.harvard.edu/abs/2018arXiv180506506K},
  adsnote = {Provided by the SAO/NASA Astrophysics Data System},
  file={Docs/1805.06506.pdf}
}



