

@article{sipper2018investigating,
  title={Investigating the parameter space of evolutionary algorithms},
  author={Sipper, Moshe and Fu, Weixuan and Ahuja, Karuna and Moore, Jason H},
  journal={BioData mining},
  volume={11},
  number={1},
  pages={2},
  year={2018},
  publisher={BioMed Central},
  file={Docs/s13040-018-0164-x.pdf}
}


