




@article{zhang2017semi,
  title={A semi-synthetic organism that stores and retrieves increased genetic information},
  author={Zhang, Yorke and Ptacin, Jerod L and Fischer, Emil C and Aerni, Hans R and Caffaro, Carolina E and San Jose, Kristine and Feldman, Aaron W and Romesberg, Floyd E and others},
  journal={Nature},
  volume={551},
  number={7682},
  pages={644},
  year={2017},
  publisher={Nature Publishing Group},
  file={Docs/10.1038@nature24659.pdf}
}


