@article{baird2018agricultural,
	  title={Agricultural origins on the Anatolian plateau},
	    author={Baird, Douglas and Fairbairn, Andrew and Jenkins, Emma and Martin, Louise and Middleton, Caroline and Pearson, Jessica and Asouti, Eleni and Edwards, Yvonne and Kabukcu, Ceren and Mustafao{\u{g}}lu, G{\"o}khan and others},
	      journal={Proceedings of the National Academy of Sciences},
	        volume={115},
		  number={14},
		    pages={E3077--E3086},
		      year={2018},
		        publisher={National Acad Sciences},
			file={Docs/10.1073@pnas.1800163115.pdf}
}


