




@article{batty1977game,
  title={Game-theoretic approaches to urban planning and design},
  author={Batty, Susan E},
  journal={Environment and Planning B: Planning and Design},
  volume={4},
  number={2},
  pages={211--239},
  year={1977},
  publisher={SAGE Publications Sage UK: London, England},
  file={Docs/batty1977.pdf}
}




@ARTICLE{2018arXiv180608713C,
   author = {{Chauhan}, A. and {Lenzner}, P. and {Molitor}, L.},
    title = "{Schelling Segregation with Strategic Agents}",
  journal = {ArXiv e-prints},
archivePrefix = "arXiv",
   eprint = {1806.08713},
 primaryClass = "cs.GT",
 keywords = {Computer Science - Computer Science and Game Theory, Computer Science - Social and Information Networks, Physics - Physics and Society},
     year = 2018,
    month = jun,
   adsurl = {http://adsabs.harvard.edu/abs/2018arXiv180608713C},
  adsnote = {Provided by the SAO/NASA Astrophysics Data System},
    file = {Docs/1806.08713.pdf}
}



@article{parise2017variational,
  title={A variational inequality framework for network games: Existence, uniqueness, convergence and sensitivity analysis},
  author={Parise, Francesca and Ozdaglar, Asuman},
  journal={arXiv preprint arXiv:1712.08277},
  year={2017},
  file={Docs/1712.08277.pdf}
}


@article{sanchez2018agent,
	  title={Agent-based models and industrial organization theory. A price-competition algorithm for agent-based models based on Game Theory},
	    author={Sanchez-Cartas, Juan Manuel},
	      journal={Complex Adaptive Systems Modeling},
	        volume={6},
		  number={1},
		    pages={2},
		      year={2018},
		        publisher={Springer},
			file={Docs/s40294-018-0053-7.pdf}
}


