




@article{zeng2018jackknife,
  title={Jackknife approach to the estimation of mutual information},
  author={Zeng, Xianli and Xia, Yingcun and Tong, Howell},
  journal={Proceedings of the National Academy of Sciences},
  pages={201715593},
  year={2018},
  publisher={National Acad Sciences},
  file={Docs/10.1073@pnas.1715593115.pdf}
}


@ARTICLE{2017arXiv170307317S,
   author = {{Scarpino}, S.~V. and {Petri}, G.},
    title = "{On the predictability of infectious disease outbreaks}",
  journal = {ArXiv e-prints},
archivePrefix = "arXiv",
   eprint = {1703.07317},
 primaryClass = "physics.soc-ph",
 keywords = {Physics - Physics and Society, Quantitative Biology - Populations and Evolution},
     year = 2017,
    month = mar,
   adsurl = {http://adsabs.harvard.edu/abs/2017arXiv170307317S},
  adsnote = {Provided by the SAO/NASA Astrophysics Data System},
  file={Docs/1703.07317.pdf}
}



@misc{dedeo2016information,
  title={Information theory for intelligent people},
  author={DeDeo, Simon},
  year={2016},
  file={Docs/it.pdf}
}


@article{barner2017multiscale,
  title={Multiscale Entropy in the Spatial Context of Cities},
  author={Barner, Martin and Cottineau, Cl{\'e}mentine and Molinero, Carlos and Salat, Hadrien and Stanilov, Kiril and Arcaute, Elsa},
  journal={arXiv preprint arXiv:1711.09817},
  year={2017},
  file={Docs/1711.09817.pdf}
}


