


@article{hannay2019maxwell,
author={Hannay, T.},
title={Maxwellâ€™s demon and the hunt for alien life},
journal={Nature},
volume={565},
pages={427--428},
year={2019},
file={Docs/d41586-019-00215-9.pdf}
}


@article{krishnamurthy2018experimentally,
	Author = {Krishnamurthy, Ramanarayanan},
	Journal = {Nature Communications},
	Number = {1},
	Pages = {5175},
	Title = {Experimentally investigating the origin of DNA/RNA on early Earth},
	Volume = {9},
	Year = {2018},
	file={Docs/s41467-018-07212-y.pdf}
}



@ARTICLE{2013arXiv1304.3381S,
   author = {{Sharov}, A.~A. and {Gordon}, R.},
    title = "{Life Before Earth}",
  journal = {ArXiv e-prints},
archivePrefix = "arXiv",
   eprint = {1304.3381},
 primaryClass = "physics.gen-ph",
 keywords = {Physics - General Physics},
     year = 2013,
    month = mar,
   adsurl = {http://adsabs.harvard.edu/abs/2013arXiv1304.3381S},
  adsnote = {Provided by the SAO/NASA Astrophysics Data System},
  file={Docs/1304.3381v1.pdf}
}




@ARTICLE{2017arXiv171203079K,
   author = {{Kent}, A.},
    title = "{Replication Ethics}",
  journal = {ArXiv e-prints},
archivePrefix = "arXiv",
   eprint = {1712.03079},
 primaryClass = "cs.CY",
 keywords = {Computer Science - Computers and Society, Physics - History and Philosophy of Physics, Quantum Physics},
     year = 2017,
    month = dec,
   adsurl = {http://adsabs.harvard.edu/abs/2017arXiv171203079K},
  adsnote = {Provided by the SAO/NASA Astrophysics Data System},
  file={Docs/1712.03079.pdf}
}


