
@article{gastner2018fast,
	  title={Fast flow-based algorithm for creating density-equalizing map projections},
	    author={Gastner, Michael T and Seguy, Vivien and More, Pratyush},
	      journal={Proceedings of the National Academy of Sciences},
	        pages={201712674},
		  year={2018},
		    publisher={National Acad Sciences},
		    file={Docs/E2156.full.pdf}
}



