
@article{axtell2001agent,
  title={Agent-based modeling and industrial ecology},
  author={Axtell, Robert L and Andrews, Clinton J and Small, Mitchell J},
  journal={Journal of Industrial Ecology},
  volume={5},
  number={4},
  pages={10--13},
  year={2001},
  publisher={Wiley Online Library},
  file={Docs/axtell2001.pdf}
}

