%% This BibTeX bibliography file was created using BibDesk.
%% http://bibdesk.sourceforge.net/


%% Created for Juste Raimbault at 2015-11-24 15:05:34 +0100 


%% Saved with string encoding Occidental (ISO Latin 1) 



@article{garry2002place,
	Author = {Garry, G{\'e}rald and Ballais, Jean-Louis and Masson, Marcel},
	Date-Added = {2015-11-24 14:05:24 +0000},
	Date-Modified = {2015-11-24 14:05:24 +0000},
	Journal = {G{\'e}omorphologie: relief, processus, environnement},
	Number = {1},
	Pages = {5--15},
	Publisher = {Groupe Fran{\c{c}}ais de G{\'e}omorphologie},
	Title = {La place de l'hydrog{\'e}omorphologie dans les {\'e}tudes d'inondation en France m{\'e}diterran{\'e}enne/The contribution of hydrogeomorphology in flood hazard assessment: a review of the situation in southern France},
	Volume = {8},
	Year = {2002},
	Bdsk-File-1 = {YnBsaXN0MDDUAQIDBAUGJCVYJHZlcnNpb25YJG9iamVjdHNZJGFyY2hpdmVyVCR0b3ASAAGGoKgHCBMUFRYaIVUkbnVsbNMJCgsMDxJXTlMua2V5c1pOUy5vYmplY3RzViRjbGFzc6INDoACgAOiEBGABIAFgAdccmVsYXRpdmVQYXRoWWFsaWFzRGF0YV8QKkRvY3MvbW9yZm9fMTI2Ni01MzA0XzIwMDJfbnVtXzhfMV8xMTI0LnBkZtIXCxgZV05TLmRhdGFPEQJOAAAAAAJOAAIAAAxNYWNpbnRvc2ggSEQAAAAAAAAAAAAAAAAAAADKQQYMSCsAAAOxvfwfbW9yZm9fMTI2Ni01MzA0XzIwMCMzQjA3OUM5LnBkZgAAAAAAAAAAAAAAAAAAAAAAAAAAAAAAAAAAAAAAAAAAA7B5ydJ5FpsAAAAAAAAAAAABAAMAAAkgAAAAAAAAAAAAAAAAAAAABERvY3MAEAAIAADKQOnsAAAAEQAIAADSeQiLAAAAAQAgA7G9/AOxvfsDsb35AKmYegCQwikABQIVAAUCFAAAvuwAAgB+TWFjaW50b3NoIEhEOlVzZXJzOgBKdXN0ZToARG9jdW1lbnRzOgBDb21wbGV4U3lzdGVtczoAQmlibGlvOgBEb21haW5TcGVjaWZpYzoASHlkcm9sb2d5OgBEb2NzOgBtb3Jmb18xMjY2LTUzMDRfMjAwIzNCMDc5QzkucGRmAA4ATAAlAG0AbwByAGYAbwBfADEAMgA2ADYALQA1ADMAMAA0AF8AMgAwADAAMgBfAG4AdQBtAF8AOABfADEAXwAxADEAMgA0AC4AcABkAGYADwAaAAwATQBhAGMAaQBuAHQAbwBzAGgAIABIAEQAEgBvVXNlcnMvSnVzdGUvRG9jdW1lbnRzL0NvbXBsZXhTeXN0ZW1zL0JpYmxpby9Eb21haW5TcGVjaWZpYy9IeWRyb2xvZ3kvRG9jcy9tb3Jmb18xMjY2LTUzMDRfMjAwMl9udW1fOF8xXzExMjQucGRmAAATAAEvAAAVAAIADP//AACABtIbHB0eWiRjbGFzc25hbWVYJGNsYXNzZXNdTlNNdXRhYmxlRGF0YaMdHyBWTlNEYXRhWE5TT2JqZWN00hscIiNcTlNEaWN0aW9uYXJ5oiIgXxAPTlNLZXllZEFyY2hpdmVy0SYnVHJvb3SAAQAIABEAGgAjAC0AMgA3AEAARgBNAFUAYABnAGoAbABuAHEAcwB1AHcAhACOALsAwADIAxoDHAMhAywDNQNDA0cDTgNXA1wDaQNsA34DgQOGAAAAAAAAAgEAAAAAAAAAKAAAAAAAAAAAAAAAAAAAA4g=}}

@article{miramont1997variations,
	Author = {Miramont, C{\'e}cile and Guilbert, Xavier},
	Date-Added = {2015-11-24 14:04:39 +0000},
	Date-Modified = {2015-11-24 14:04:39 +0000},
	Journal = {G{\'e}omorphologie: relief, processus, environnement},
	Number = {4},
	Pages = {325--337},
	Publisher = {Groupe Fran{\c{c}}ais de G{\'e}omorphologie},
	Title = {Variations historiques de la fr{\'e}quence des crues et {\'e}volution de la morphogen{\`e}se fluviale en moyenne Durance (France du Sud-Est)/Historical changes of floods frequency and fluvial morphogenesis in the middle Durance fluvial system (South-eastern France)},
	Volume = {3},
	Year = {1997},
	Bdsk-File-1 = {YnBsaXN0MDDUAQIDBAUGJCVYJHZlcnNpb25YJG9iamVjdHNZJGFyY2hpdmVyVCR0b3ASAAGGoKgHCBMUFRYaIVUkbnVsbNMJCgsMDxJXTlMua2V5c1pOUy5vYmplY3RzViRjbGFzc6INDoACgAOiEBGABIAFgAdccmVsYXRpdmVQYXRoWWFsaWFzRGF0YV8QKURvY3MvbW9yZm9fMTI2Ni01MzA0XzE5OTdfbnVtXzNfNF85MzEucGRm0hcLGBlXTlMuZGF0YU8RAkoAAAAAAkoAAgAADE1hY2ludG9zaCBIRAAAAAAAAAAAAAAAAAAAAMpBBgxIKwAAA7G9/B9tb3Jmb18xMjY2LTUzMDRfMTk5IzNCMUMxNDEucGRmAAAAAAAAAAAAAAAAAAAAAAAAAAAAAAAAAAAAAAAAAAADscFB0nos9AAAAAAAAAAAAAEAAwAACSAAAAAAAAAAAAAAAAAAAAAERG9jcwAQAAgAAMpA6ewAAAARAAgAANJ6HuQAAAABACADsb38A7G9+wOxvfkAqZh6AJDCKQAFAhUABQIUAAC+7AACAH5NYWNpbnRvc2ggSEQ6VXNlcnM6AEp1c3RlOgBEb2N1bWVudHM6AENvbXBsZXhTeXN0ZW1zOgBCaWJsaW86AERvbWFpblNwZWNpZmljOgBIeWRyb2xvZ3k6AERvY3M6AG1vcmZvXzEyNjYtNTMwNF8xOTkjM0IxQzE0MS5wZGYADgBKACQAbQBvAHIAZgBvAF8AMQAyADYANgAtADUAMwAwADQAXwAxADkAOQA3AF8AbgB1AG0AXwAzAF8ANABfADkAMwAxAC4AcABkAGYADwAaAAwATQBhAGMAaQBuAHQAbwBzAGgAIABIAEQAEgBuVXNlcnMvSnVzdGUvRG9jdW1lbnRzL0NvbXBsZXhTeXN0ZW1zL0JpYmxpby9Eb21haW5TcGVjaWZpYy9IeWRyb2xvZ3kvRG9jcy9tb3Jmb18xMjY2LTUzMDRfMTk5N19udW1fM180XzkzMS5wZGYAEwABLwAAFQACAAz//wAAgAbSGxwdHlokY2xhc3NuYW1lWCRjbGFzc2VzXU5TTXV0YWJsZURhdGGjHR8gVk5TRGF0YVhOU09iamVjdNIbHCIjXE5TRGljdGlvbmFyeaIiIF8QD05TS2V5ZWRBcmNoaXZlctEmJ1Ryb290gAEACAARABoAIwAtADIANwBAAEYATQBVAGAAZwBqAGwAbgBxAHMAdQB3AIQAjgC6AL8AxwMVAxcDHAMnAzADPgNCA0kDUgNXA2QDZwN5A3wDgQAAAAAAAAIBAAAAAAAAACgAAAAAAAAAAAAAAAAAAAOD}}

@article{wagener2005identification,
	Author = {Wagener, Thorsten and McINTYRE, NEIL},
	Date-Added = {2015-11-24 14:03:55 +0000},
	Date-Modified = {2015-11-24 14:03:55 +0000},
	Journal = {Hydrological Sciences Journal},
	Number = {5},
	Publisher = {Taylor \& Francis},
	Title = {Identification of rainfall--runoff models for operational applications/Identification de mod{\`e}les pluie--d{\'e}bit pour des applications op{\'e}rationnelles},
	Volume = {50},
	Year = {2005},
	Bdsk-File-1 = {YnBsaXN0MDDUAQIDBAUGJCVYJHZlcnNpb25YJG9iamVjdHNZJGFyY2hpdmVyVCR0b3ASAAGGoKgHCBMUFRYaIVUkbnVsbNMJCgsMDxJXTlMua2V5c1pOUy5vYmplY3RzViRjbGFzc6INDoACgAOiEBGABIAFgAdccmVsYXRpdmVQYXRoWWFsaWFzRGF0YV8QHkRvY3MvMjQtMTEtMjAxNV9JZGVudGlmaWNhLnBkZtIXCxgZV05TLmRhdGFPEQIkAAAAAAIkAAIAAAxNYWNpbnRvc2ggSEQAAAAAAAAAAAAAAAAAAADKQQYMSCsAAAOxvfwZMjQtMTEtMjAxNV9JZGVudGlmaWNhLnBkZgAAAAAAAAAAAAAAAAAAAAAAAAAAAAAAAAAAAAAAAAAAAAAAAAAAA7HA8NJ6LLUAAAAAAAAAAAABAAMAAAkgAAAAAAAAAAAAAAAAAAAABERvY3MAEAAIAADKQOnsAAAAEQAIAADSeh6lAAAAAQAgA7G9/AOxvfsDsb35AKmYegCQwikABQIVAAUCFAAAvuwAAgB4TWFjaW50b3NoIEhEOlVzZXJzOgBKdXN0ZToARG9jdW1lbnRzOgBDb21wbGV4U3lzdGVtczoAQmlibGlvOgBEb21haW5TcGVjaWZpYzoASHlkcm9sb2d5OgBEb2NzOgAyNC0xMS0yMDE1X0lkZW50aWZpY2EucGRmAA4ANAAZADIANAAtADEAMQAtADIAMAAxADUAXwBJAGQAZQBuAHQAaQBmAGkAYwBhAC4AcABkAGYADwAaAAwATQBhAGMAaQBuAHQAbwBzAGgAIABIAEQAEgBjVXNlcnMvSnVzdGUvRG9jdW1lbnRzL0NvbXBsZXhTeXN0ZW1zL0JpYmxpby9Eb21haW5TcGVjaWZpYy9IeWRyb2xvZ3kvRG9jcy8yNC0xMS0yMDE1X0lkZW50aWZpY2EucGRmAAATAAEvAAAVAAIADP//AACABtIbHB0eWiRjbGFzc25hbWVYJGNsYXNzZXNdTlNNdXRhYmxlRGF0YaMdHyBWTlNEYXRhWE5TT2JqZWN00hscIiNcTlNEaWN0aW9uYXJ5oiIgXxAPTlNLZXllZEFyY2hpdmVy0SYnVHJvb3SAAQAIABEAGgAjAC0AMgA3AEAARgBNAFUAYABnAGoAbABuAHEAcwB1AHcAhACOAK8AtAC8AuQC5gLrAvYC/wMNAxEDGAMhAyYDMwM2A0gDSwNQAAAAAAAAAgEAAAAAAAAAKAAAAAAAAAAAAAAAAAAAA1I=}}

@article{michel1989modele,
	Author = {Michel, C and others},
	Date-Added = {2015-11-24 14:03:01 +0000},
	Date-Modified = {2015-11-24 14:03:01 +0000},
	Journal = {La Houille Blanche},
	Number = {2},
	Pages = {113--122},
	Publisher = {EDP Sciences},
	Title = {Un mod{\`e}le pluie-d{\'e}bit journalier {\`a} trois param{\`e}tres},
	Year = {1989},
	Bdsk-File-1 = {YnBsaXN0MDDUAQIDBAUGJCVYJHZlcnNpb25YJG9iamVjdHNZJGFyY2hpdmVyVCR0b3ASAAGGoKgHCBMUFRYaIVUkbnVsbNMJCgsMDxJXTlMua2V5c1pOUy5vYmplY3RzViRjbGFzc6INDoACgAOiEBGABIAFgAdccmVsYXRpdmVQYXRoWWFsaWFzRGF0YV8QE0RvY3MvbGhiMTk4OTAwNy5wZGbSFwsYGVdOUy5kYXRhTxEB+AAAAAAB+AACAAAMTWFjaW50b3NoIEhEAAAAAAAAAAAAAAAAAAAAykEGDEgrAAADsb38DmxoYjE5ODkwMDcucGRmAAAAAAAAAAAAAAAAAAAAAAAAAAAAAAAAAAAAAAAAAAAAAAAAAAAAAAAAAAAAAAAAAAOxwLHSeiySAAAAAAAAAAAAAQADAAAJIAAAAAAAAAAAAAAAAAAAAAREb2NzABAACAAAykDp7AAAABEACAAA0noeggAAAAEAIAOxvfwDsb37A7G9+QCpmHoAkMIpAAUCFQAFAhQAAL7sAAIAbU1hY2ludG9zaCBIRDpVc2VyczoASnVzdGU6AERvY3VtZW50czoAQ29tcGxleFN5c3RlbXM6AEJpYmxpbzoARG9tYWluU3BlY2lmaWM6AEh5ZHJvbG9neToARG9jczoAbGhiMTk4OTAwNy5wZGYAAA4AHgAOAGwAaABiADEAOQA4ADkAMAAwADcALgBwAGQAZgAPABoADABNAGEAYwBpAG4AdABvAHMAaAAgAEgARAASAFhVc2Vycy9KdXN0ZS9Eb2N1bWVudHMvQ29tcGxleFN5c3RlbXMvQmlibGlvL0RvbWFpblNwZWNpZmljL0h5ZHJvbG9neS9Eb2NzL2xoYjE5ODkwMDcucGRmABMAAS8AABUAAgAM//8AAIAG0hscHR5aJGNsYXNzbmFtZVgkY2xhc3Nlc11OU011dGFibGVEYXRhox0fIFZOU0RhdGFYTlNPYmplY3TSGxwiI1xOU0RpY3Rpb25hcnmiIiBfEA9OU0tleWVkQXJjaGl2ZXLRJidUcm9vdIABAAgAEQAaACMALQAyADcAQABGAE0AVQBgAGcAagBsAG4AcQBzAHUAdwCEAI4ApACpALECrQKvArQCvwLIAtYC2gLhAuoC7wL8Av8DEQMUAxkAAAAAAAACAQAAAAAAAAAoAAAAAAAAAAAAAAAAAAADGw==}}

@article{wagener2005model,
	Author = {Wagener, Thorsten and Gupta, Hoshin V},
	Date-Added = {2015-11-24 14:02:15 +0000},
	Date-Modified = {2015-11-24 14:02:15 +0000},
	Journal = {Stochastic Environmental Research and Risk Assessment},
	Number = {6},
	Pages = {378--387},
	Publisher = {Springer},
	Title = {Model identification for hydrological forecasting under uncertainty},
	Volume = {19},
	Year = {2005},
	Bdsk-File-1 = {YnBsaXN0MDDUAQIDBAUGJCVYJHZlcnNpb25YJG9iamVjdHNZJGFyY2hpdmVyVCR0b3ASAAGGoKgHCBMUFRYaIVUkbnVsbNMJCgsMDxJXTlMua2V5c1pOUy5vYmplY3RzViRjbGFzc6INDoACgAOiEBGABIAFgAdccmVsYXRpdmVQYXRoWWFsaWFzRGF0YV8QSkRvY3MvTW9kZWxJbmRlbnRpZmljYXRpb25VbmNlcnRhaW50eV9hcnQlM0ExMC4xMDA3JTJGczAwNDc3LTAwNS0wMDA2LTUucGRm0hcLGBlXTlMuZGF0YU8RAq4AAAAAAq4AAgAADE1hY2ludG9zaCBIRAAAAAAAAAAAAAAAAAAAAMpBBgxIKwAAA7G9/B9Nb2RlbEluZGVudGlmaWNhdGlvIzNCMUJGRDUucGRmAAAAAAAAAAAAAAAAAAAAAAAAAAAAAAAAAAAAAAAAAAADsb/V0nosWgAAAAAAAAAAAAEAAwAACSAAAAAAAAAAAAAAAAAAAAAERG9jcwAQAAgAAMpA6ewAAAARAAgAANJ6HkoAAAABACADsb38A7G9+wOxvfkAqZh6AJDCKQAFAhUABQIUAAC+7AACAH5NYWNpbnRvc2ggSEQ6VXNlcnM6AEp1c3RlOgBEb2N1bWVudHM6AENvbXBsZXhTeXN0ZW1zOgBCaWJsaW86AERvbWFpblNwZWNpZmljOgBIeWRyb2xvZ3k6AERvY3M6AE1vZGVsSW5kZW50aWZpY2F0aW8jM0IxQkZENS5wZGYADgCMAEUATQBvAGQAZQBsAEkAbgBkAGUAbgB0AGkAZgBpAGMAYQB0AGkAbwBuAFUAbgBjAGUAcgB0AGEAaQBuAHQAeQBfAGEAcgB0ACUAMwBBADEAMAAuADEAMAAwADcAJQAyAEYAcwAwADAANAA3ADcALQAwADAANQAtADAAMAAwADYALQA1AC4AcABkAGYADwAaAAwATQBhAGMAaQBuAHQAbwBzAGgAIABIAEQAEgCPVXNlcnMvSnVzdGUvRG9jdW1lbnRzL0NvbXBsZXhTeXN0ZW1zL0JpYmxpby9Eb21haW5TcGVjaWZpYy9IeWRyb2xvZ3kvRG9jcy9Nb2RlbEluZGVudGlmaWNhdGlvblVuY2VydGFpbnR5X2FydCUzQTEwLjEwMDclMkZzMDA0NzctMDA1LTAwMDYtNS5wZGYAABMAAS8AABUAAgAM//8AAIAG0hscHR5aJGNsYXNzbmFtZVgkY2xhc3Nlc11OU011dGFibGVEYXRhox0fIFZOU0RhdGFYTlNPYmplY3TSGxwiI1xOU0RpY3Rpb25hcnmiIiBfEA9OU0tleWVkQXJjaGl2ZXLRJidUcm9vdIABAAgAEQAaACMALQAyADcAQABGAE0AVQBgAGcAagBsAG4AcQBzAHUAdwCEAI4A2wDgAOgDmgOcA6EDrAO1A8MDxwPOA9cD3APpA+wD/gQBBAYAAAAAAAACAQAAAAAAAAAoAAAAAAAAAAAAAAAAAAAECA==}}

@book{beven2011rainfall,
	Author = {Beven, Keith J},
	Date-Added = {2015-11-24 13:59:30 +0000},
	Date-Modified = {2015-11-24 13:59:30 +0000},
	Publisher = {John Wiley \& Sons},
	Title = {Rainfall-runoff modelling: the primer},
	Year = {2011},
	Bdsk-File-1 = {YnBsaXN0MDDUAQIDBAUGJCVYJHZlcnNpb25YJG9iamVjdHNZJGFyY2hpdmVyVCR0b3ASAAGGoKgHCBMUFRYaIVUkbnVsbNMJCgsMDxJXTlMua2V5c1pOUy5vYmplY3RzViRjbGFzc6INDoACgAOiEBGABIAFgAdccmVsYXRpdmVQYXRoWWFsaWFzRGF0YV8QQERvY3MvUmFpbmZhbGxSdW5vZmZQcmltZXJfU2FtcGxlXzk3ODExMTk5NTEwMThfc2FtcGxlXzM4MDgwNy5wZGbSFwsYGVdOUy5kYXRhTxECkAAAAAACkAACAAAMTWFjaW50b3NoIEhEAAAAAAAAAAAAAAAAAAAAykEGDEgrAAADsb38H1JhaW5mYWxsUnVub2ZmUHJpbWUjM0IxQkY0MS5wZGYAAAAAAAAAAAAAAAAAAAAAAAAAAAAAAAAAAAAAAAAAAAOxv0HSeiuzAAAAAAAAAAAAAQADAAAJIAAAAAAAAAAAAAAAAAAAAAREb2NzABAACAAAykDp7AAAABEACAAA0nodowAAAAEAIAOxvfwDsb37A7G9+QCpmHoAkMIpAAUCFQAFAhQAAL7sAAIAfk1hY2ludG9zaCBIRDpVc2VyczoASnVzdGU6AERvY3VtZW50czoAQ29tcGxleFN5c3RlbXM6AEJpYmxpbzoARG9tYWluU3BlY2lmaWM6AEh5ZHJvbG9neToARG9jczoAUmFpbmZhbGxSdW5vZmZQcmltZSMzQjFCRjQxLnBkZgAOAHgAOwBSAGEAaQBuAGYAYQBsAGwAUgB1AG4AbwBmAGYAUAByAGkAbQBlAHIAXwBTAGEAbQBwAGwAZQBfADkANwA4ADEAMQAxADkAOQA1ADEAMAAxADgAXwBzAGEAbQBwAGwAZQBfADMAOAAwADgAMAA3AC4AcABkAGYADwAaAAwATQBhAGMAaQBuAHQAbwBzAGgAIABIAEQAEgCFVXNlcnMvSnVzdGUvRG9jdW1lbnRzL0NvbXBsZXhTeXN0ZW1zL0JpYmxpby9Eb21haW5TcGVjaWZpYy9IeWRyb2xvZ3kvRG9jcy9SYWluZmFsbFJ1bm9mZlByaW1lcl9TYW1wbGVfOTc4MTExOTk1MTAxOF9zYW1wbGVfMzgwODA3LnBkZgAAEwABLwAAFQACAAz//wAAgAbSGxwdHlokY2xhc3NuYW1lWCRjbGFzc2VzXU5TTXV0YWJsZURhdGGjHR8gVk5TRGF0YVhOU09iamVjdNIbHCIjXE5TRGljdGlvbmFyeaIiIF8QD05TS2V5ZWRBcmNoaXZlctEmJ1Ryb290gAEACAARABoAIwAtADIANwBAAEYATQBVAGAAZwBqAGwAbgBxAHMAdQB3AIQAjgDRANYA3gNyA3QDeQOEA40DmwOfA6YDrwO0A8EDxAPWA9kD3gAAAAAAAAIBAAAAAAAAACgAAAAAAAAAAAAAAAAAAAPg}}

@article{ducharne2011evolution,
	Author = {Ducharne, Agnes and Sauquet, Eric and Habets, Florence and D{\'e}qu{\'e}, Michel and Gascoin, Simon and Hachour, Ali and Martin, Eric and Oudin, Ludovic and Pag{\'e}, Christian and Terray, Laurent and others},
	Date-Added = {2015-11-24 13:58:43 +0000},
	Date-Modified = {2015-11-24 13:58:43 +0000},
	Journal = {La Houille Blanche},
	Number = {1},
	Pages = {51--57},
	Publisher = {Soci{\'e}t{\'e} Hydrotechnique de France},
	Title = {Evolution potentielle du r{\'e}gime des crues de la Seine sous changement climatique},
	Year = {2011},
	Bdsk-File-1 = {YnBsaXN0MDDUAQIDBAUGJCVYJHZlcnNpb25YJG9iamVjdHNZJGFyY2hpdmVyVCR0b3ASAAGGoKgHCBMUFRYaIVUkbnVsbNMJCgsMDxJXTlMua2V5c1pOUy5vYmplY3RzViRjbGFzc6INDoACgAOiEBGABIAFgAdccmVsYXRpdmVQYXRoWWFsaWFzRGF0YV8QIURvY3MvU0hGX3JleGh5c3NfY3J1ZXNfTEhCX3YzLnBkZtIXCxgZV05TLmRhdGFPEQIwAAAAAAIwAAIAAAxNYWNpbnRvc2ggSEQAAAAAAAAAAAAAAAAAAADKQQYMSCsAAAOxvfwcU0hGX3JleGh5c3NfY3J1ZXNfTEhCX3YzLnBkZgAAAAAAAAAAAAAAAAAAAAAAAAAAAAAAAAAAAAAAAAAAAAAAA7G5a9J6H9YAAAAAAAAAAAABAAMAAAkgAAAAAAAAAAAAAAAAAAAABERvY3MAEAAIAADKQOnsAAAAEQAIAADSehHGAAAAAQAgA7G9/AOxvfsDsb35AKmYegCQwikABQIVAAUCFAAAvuwAAgB7TWFjaW50b3NoIEhEOlVzZXJzOgBKdXN0ZToARG9jdW1lbnRzOgBDb21wbGV4U3lzdGVtczoAQmlibGlvOgBEb21haW5TcGVjaWZpYzoASHlkcm9sb2d5OgBEb2NzOgBTSEZfcmV4aHlzc19jcnVlc19MSEJfdjMucGRmAAAOADoAHABTAEgARgBfAHIAZQB4AGgAeQBzAHMAXwBjAHIAdQBlAHMAXwBMAEgAQgBfAHYAMwAuAHAAZABmAA8AGgAMAE0AYQBjAGkAbgB0AG8AcwBoACAASABEABIAZlVzZXJzL0p1c3RlL0RvY3VtZW50cy9Db21wbGV4U3lzdGVtcy9CaWJsaW8vRG9tYWluU3BlY2lmaWMvSHlkcm9sb2d5L0RvY3MvU0hGX3JleGh5c3NfY3J1ZXNfTEhCX3YzLnBkZgATAAEvAAAVAAIADP//AACABtIbHB0eWiRjbGFzc25hbWVYJGNsYXNzZXNdTlNNdXRhYmxlRGF0YaMdHyBWTlNEYXRhWE5TT2JqZWN00hscIiNcTlNEaWN0aW9uYXJ5oiIgXxAPTlNLZXllZEFyY2hpdmVy0SYnVHJvb3SAAQAIABEAGgAjAC0AMgA3AEAARgBNAFUAYABnAGoAbABuAHEAcwB1AHcAhACOALIAtwC/AvMC9QL6AwUDDgMcAyADJwMwAzUDQgNFA1cDWgNfAAAAAAAAAgEAAAAAAAAAKAAAAAAAAAAAAAAAAAAAA2E=}}

@article{seibert2002dialog,
	Author = {Seibert, Jan and McDonnell, Jeffrey J},
	Date-Added = {2015-11-24 13:57:55 +0000},
	Date-Modified = {2015-11-24 13:57:55 +0000},
	Journal = {Water Resources Research},
	Number = {11},
	Pages = {23--1},
	Publisher = {Wiley Online Library},
	Title = {On the dialog between experimentalist and modeler in catchment hydrology: Use of soft data for multicriteria model calibration},
	Volume = {38},
	Year = {2002},
	Bdsk-File-1 = {YnBsaXN0MDDUAQIDBAUGJCVYJHZlcnNpb25YJG9iamVjdHNZJGFyY2hpdmVyVCR0b3ASAAGGoKgHCBMUFRYaIVUkbnVsbNMJCgsMDxJXTlMua2V5c1pOUy5vYmplY3RzViRjbGFzc6INDoACgAOiEBGABIAFgAdccmVsYXRpdmVQYXRoWWFsaWFzRGF0YV8QMERvY3MvU29mdERhdGFFeHBlcmltZW50YWxpc3RNb2RlbGVyX3dyY3I5MjQ2LnBkZtIXCxgZV05TLmRhdGFPEQJgAAAAAAJgAAIAAAxNYWNpbnRvc2ggSEQAAAAAAAAAAAAAAAAAAADKQQYMSCsAAAOxvfwfU29mdERhdGFFeHBlcmltZW50YSMzQjA0RjZELnBkZgAAAAAAAAAAAAAAAAAAAAAAAAAAAAAAAAAAAAAAAAAAA7BPbdJ42/gAAAAAAAAAAAABAAMAAAkgAAAAAAAAAAAAAAAAAAAABERvY3MAEAAIAADKQOnsAAAAEQAIAADSeM3oAAAAAQAgA7G9/AOxvfsDsb35AKmYegCQwikABQIVAAUCFAAAvuwAAgB+TWFjaW50b3NoIEhEOlVzZXJzOgBKdXN0ZToARG9jdW1lbnRzOgBDb21wbGV4U3lzdGVtczoAQmlibGlvOgBEb21haW5TcGVjaWZpYzoASHlkcm9sb2d5OgBEb2NzOgBTb2Z0RGF0YUV4cGVyaW1lbnRhIzNCMDRGNkQucGRmAA4AWAArAFMAbwBmAHQARABhAHQAYQBFAHgAcABlAHIAaQBtAGUAbgB0AGEAbABpAHMAdABNAG8AZABlAGwAZQByAF8AdwByAGMAcgA5ADIANAA2AC4AcABkAGYADwAaAAwATQBhAGMAaQBuAHQAbwBzAGgAIABIAEQAEgB1VXNlcnMvSnVzdGUvRG9jdW1lbnRzL0NvbXBsZXhTeXN0ZW1zL0JpYmxpby9Eb21haW5TcGVjaWZpYy9IeWRyb2xvZ3kvRG9jcy9Tb2Z0RGF0YUV4cGVyaW1lbnRhbGlzdE1vZGVsZXJfd3JjcjkyNDYucGRmAAATAAEvAAAVAAIADP//AACABtIbHB0eWiRjbGFzc25hbWVYJGNsYXNzZXNdTlNNdXRhYmxlRGF0YaMdHyBWTlNEYXRhWE5TT2JqZWN00hscIiNcTlNEaWN0aW9uYXJ5oiIgXxAPTlNLZXllZEFyY2hpdmVy0SYnVHJvb3SAAQAIABEAGgAjAC0AMgA3AEAARgBNAFUAYABnAGoAbABuAHEAcwB1AHcAhACOAMEAxgDOAzIDNAM5A0QDTQNbA18DZgNvA3QDgQOEA5YDmQOeAAAAAAAAAgEAAAAAAAAAKAAAAAAAAAAAAAAAAAAAA6A=}}

@article{salerno2009coupled,
	Author = {Salerno, F and Tartari, G},
	Date-Added = {2015-11-24 13:57:17 +0000},
	Date-Modified = {2015-11-24 13:57:17 +0000},
	Journal = {Journal of hydrology},
	Number = {1},
	Pages = {295--306},
	Publisher = {Elsevier},
	Title = {A coupled approach of surface hydrological modelling and Wavelet Analysis for understanding the baseflow components of river discharge in karst environments},
	Volume = {376},
	Year = {2009},
	Bdsk-File-1 = {YnBsaXN0MDDUAQIDBAUGJCVYJHZlcnNpb25YJG9iamVjdHNZJGFyY2hpdmVyVCR0b3ASAAGGoKgHCBMUFRYaIVUkbnVsbNMJCgsMDxJXTlMua2V5c1pOUy5vYmplY3RzViRjbGFzc6INDoACgAOiEBGABIAFgAdccmVsYXRpdmVQYXRoWWFsaWFzRGF0YV8QRkRvY3MvV2F2ZWxldEFuYWx5c2lzS2Fyc3RFbnZpcm9ubWVudF8xLXMyLjAtUzAwMjIxNjk0MDkwMDQ0MjktbWFpbi5wZGbSFwsYGVdOUy5kYXRhTxECogAAAAACogACAAAMTWFjaW50b3NoIEhEAAAAAAAAAAAAAAAAAAAAykEGDEgrAAADsb38H1dhdmVsZXRBbmFseXNpc0thcnMjM0IwNTA2MC5wZGYAAAAAAAAAAAAAAAAAAAAAAAAAAAAAAAAAAAAAAAAAAAOwUGDSeNw0AAAAAAAAAAAAAQADAAAJIAAAAAAAAAAAAAAAAAAAAAREb2NzABAACAAAykDp7AAAABEACAAA0njOJAAAAAEAIAOxvfwDsb37A7G9+QCpmHoAkMIpAAUCFQAFAhQAAL7sAAIAfk1hY2ludG9zaCBIRDpVc2VyczoASnVzdGU6AERvY3VtZW50czoAQ29tcGxleFN5c3RlbXM6AEJpYmxpbzoARG9tYWluU3BlY2lmaWM6AEh5ZHJvbG9neToARG9jczoAV2F2ZWxldEFuYWx5c2lzS2FycyMzQjA1MDYwLnBkZgAOAIQAQQBXAGEAdgBlAGwAZQB0AEEAbgBhAGwAeQBzAGkAcwBLAGEAcgBzAHQARQBuAHYAaQByAG8AbgBtAGUAbgB0AF8AMQAtAHMAMgAuADAALQBTADAAMAAyADIAMQA2ADkANAAwADkAMAAwADQANAAyADkALQBtAGEAaQBuAC4AcABkAGYADwAaAAwATQBhAGMAaQBuAHQAbwBzAGgAIABIAEQAEgCLVXNlcnMvSnVzdGUvRG9jdW1lbnRzL0NvbXBsZXhTeXN0ZW1zL0JpYmxpby9Eb21haW5TcGVjaWZpYy9IeWRyb2xvZ3kvRG9jcy9XYXZlbGV0QW5hbHlzaXNLYXJzdEVudmlyb25tZW50XzEtczIuMC1TMDAyMjE2OTQwOTAwNDQyOS1tYWluLnBkZgAAEwABLwAAFQACAAz//wAAgAbSGxwdHlokY2xhc3NuYW1lWCRjbGFzc2VzXU5TTXV0YWJsZURhdGGjHR8gVk5TRGF0YVhOU09iamVjdNIbHCIjXE5TRGljdGlvbmFyeaIiIF8QD05TS2V5ZWRBcmNoaXZlctEmJ1Ryb290gAEACAARABoAIwAtADIANwBAAEYATQBVAGAAZwBqAGwAbgBxAHMAdQB3AIQAjgDXANwA5AOKA4wDkQOcA6UDswO3A74DxwPMA9kD3APuA/ED9gAAAAAAAAIBAAAAAAAAACgAAAAAAAAAAAAAAAAAAAP4}}

@article{labat2002rainfall,
	Author = {Labat, David and Mangin, Alain and Ababou, Rachid},
	Date-Added = {2015-11-24 13:56:33 +0000},
	Date-Modified = {2015-11-24 13:56:33 +0000},
	Journal = {Journal of Hydrology},
	Number = {3},
	Pages = {176--195},
	Publisher = {Elsevier},
	Title = {Rainfall--runoff relations for karstic springs: multifractal analyses},
	Volume = {256},
	Year = {2002},
	Bdsk-File-1 = {YnBsaXN0MDDUAQIDBAUGJCVYJHZlcnNpb25YJG9iamVjdHNZJGFyY2hpdmVyVCR0b3ASAAGGoKgHCBMUFRYaIVUkbnVsbNMJCgsMDxJXTlMua2V5c1pOUy5vYmplY3RzViRjbGFzc6INDoACgAOiEBGABIAFgAdccmVsYXRpdmVQYXRoWWFsaWFzRGF0YV8QRkRvY3MvTXVsdGlGcmFjdGFsUmFpbmZhbGxSdW5vZmZLYXJzdF8xLXMyLjAtUzAwMjIxNjk0MDEwMDUzNTItbWFpbi5wZGbSFwsYGVdOUy5kYXRhTxECogAAAAACogACAAAMTWFjaW50b3NoIEhEAAAAAAAAAAAAAAAAAAAAykEGDEgrAAADsb38H011bHRpRnJhY3RhbFJhaW5mYWwjM0IwNTE0QS5wZGYAAAAAAAAAAAAAAAAAAAAAAAAAAAAAAAAAAAAAAAAAAAOwUUrSeNxPAAAAAAAAAAAAAQADAAAJIAAAAAAAAAAAAAAAAAAAAAREb2NzABAACAAAykDp7AAAABEACAAA0njOPwAAAAEAIAOxvfwDsb37A7G9+QCpmHoAkMIpAAUCFQAFAhQAAL7sAAIAfk1hY2ludG9zaCBIRDpVc2VyczoASnVzdGU6AERvY3VtZW50czoAQ29tcGxleFN5c3RlbXM6AEJpYmxpbzoARG9tYWluU3BlY2lmaWM6AEh5ZHJvbG9neToARG9jczoATXVsdGlGcmFjdGFsUmFpbmZhbCMzQjA1MTRBLnBkZgAOAIQAQQBNAHUAbAB0AGkARgByAGEAYwB0AGEAbABSAGEAaQBuAGYAYQBsAGwAUgB1AG4AbwBmAGYASwBhAHIAcwB0AF8AMQAtAHMAMgAuADAALQBTADAAMAAyADIAMQA2ADkANAAwADEAMAAwADUAMwA1ADIALQBtAGEAaQBuAC4AcABkAGYADwAaAAwATQBhAGMAaQBuAHQAbwBzAGgAIABIAEQAEgCLVXNlcnMvSnVzdGUvRG9jdW1lbnRzL0NvbXBsZXhTeXN0ZW1zL0JpYmxpby9Eb21haW5TcGVjaWZpYy9IeWRyb2xvZ3kvRG9jcy9NdWx0aUZyYWN0YWxSYWluZmFsbFJ1bm9mZkthcnN0XzEtczIuMC1TMDAyMjE2OTQwMTAwNTM1Mi1tYWluLnBkZgAAEwABLwAAFQACAAz//wAAgAbSGxwdHlokY2xhc3NuYW1lWCRjbGFzc2VzXU5TTXV0YWJsZURhdGGjHR8gVk5TRGF0YVhOU09iamVjdNIbHCIjXE5TRGljdGlvbmFyeaIiIF8QD05TS2V5ZWRBcmNoaXZlctEmJ1Ryb290gAEACAARABoAIwAtADIANwBAAEYATQBVAGAAZwBqAGwAbgBxAHMAdQB3AIQAjgDXANwA5AOKA4wDkQOcA6UDswO3A74DxwPMA9kD3APuA/ED9gAAAAAAAAIBAAAAAAAAACgAAAAAAAAAAAAAAAAAAAP4}}

@article{white2002karst,
	Author = {White, William B},
	Date-Added = {2015-11-24 13:55:57 +0000},
	Date-Modified = {2015-11-24 13:55:57 +0000},
	Journal = {Engineering geology},
	Number = {2},
	Pages = {85--105},
	Publisher = {Elsevier},
	Title = {Karst hydrology: recent developments and open questions},
	Volume = {65},
	Year = {2002},
	Bdsk-File-1 = {YnBsaXN0MDDUAQIDBAUGJCVYJHZlcnNpb25YJG9iamVjdHNZJGFyY2hpdmVyVCR0b3ASAAGGoKgHCBMUFRYaIVUkbnVsbNMJCgsMDxJXTlMua2V5c1pOUy5vYmplY3RzViRjbGFzc6INDoACgAOiEBGABIAFgAdccmVsYXRpdmVQYXRoWWFsaWFzRGF0YV8QNURvY3MvS2Fyc3RIeWRyb2xvZ3lfMS1zMi4wLVMwMDEzNzk1MjAxMDAxMTY4LW1haW4ucGRm0hcLGBlXTlMuZGF0YU8RAm4AAAAAAm4AAgAADE1hY2ludG9zaCBIRAAAAAAAAAAAAAAAAAAAAMpBBgxIKwAAA7G9/B9LYXJzdEh5ZHJvbG9neV8xLXMyIzNCMDUyNDEucGRmAAAAAAAAAAAAAAAAAAAAAAAAAAAAAAAAAAAAAAAAAAADsFJB0njcawAAAAAAAAAAAAEAAwAACSAAAAAAAAAAAAAAAAAAAAAERG9jcwAQAAgAAMpA6ewAAAARAAgAANJ4zlsAAAABACADsb38A7G9+wOxvfkAqZh6AJDCKQAFAhUABQIUAAC+7AACAH5NYWNpbnRvc2ggSEQ6VXNlcnM6AEp1c3RlOgBEb2N1bWVudHM6AENvbXBsZXhTeXN0ZW1zOgBCaWJsaW86AERvbWFpblNwZWNpZmljOgBIeWRyb2xvZ3k6AERvY3M6AEthcnN0SHlkcm9sb2d5XzEtczIjM0IwNTI0MS5wZGYADgBiADAASwBhAHIAcwB0AEgAeQBkAHIAbwBsAG8AZwB5AF8AMQAtAHMAMgAuADAALQBTADAAMAAxADMANwA5ADUAMgAwADEAMAAwADEAMQA2ADgALQBtAGEAaQBuAC4AcABkAGYADwAaAAwATQBhAGMAaQBuAHQAbwBzAGgAIABIAEQAEgB6VXNlcnMvSnVzdGUvRG9jdW1lbnRzL0NvbXBsZXhTeXN0ZW1zL0JpYmxpby9Eb21haW5TcGVjaWZpYy9IeWRyb2xvZ3kvRG9jcy9LYXJzdEh5ZHJvbG9neV8xLXMyLjAtUzAwMTM3OTUyMDEwMDExNjgtbWFpbi5wZGYAEwABLwAAFQACAAz//wAAgAbSGxwdHlokY2xhc3NuYW1lWCRjbGFzc2VzXU5TTXV0YWJsZURhdGGjHR8gVk5TRGF0YVhOU09iamVjdNIbHCIjXE5TRGljdGlvbmFyeaIiIF8QD05TS2V5ZWRBcmNoaXZlctEmJ1Ryb290gAEACAARABoAIwAtADIANwBAAEYATQBVAGAAZwBqAGwAbgBxAHMAdQB3AIQAjgDGAMsA0wNFA0cDTANXA2ADbgNyA3kDggOHA5QDlwOpA6wDsQAAAAAAAAIBAAAAAAAAACgAAAAAAAAAAAAAAAAAAAOz}}

@article{refsgaard1997parameterisation,
	Author = {Refsgaard, Jens Christian},
	Date-Added = {2015-11-24 13:55:10 +0000},
	Date-Modified = {2015-11-24 13:55:10 +0000},
	Journal = {Journal of Hydrology},
	Number = {1-4},
	Pages = {69--97},
	Publisher = {Elsevier},
	Title = {Parameterisation, calibration and validation of distributed hydrological models},
	Volume = {198},
	Year = {1997},
	Bdsk-File-1 = {YnBsaXN0MDDUAQIDBAUGJCVYJHZlcnNpb25YJG9iamVjdHNZJGFyY2hpdmVyVCR0b3ASAAGGoKgHCBMUFRYaIVUkbnVsbNMJCgsMDxJXTlMua2V5c1pOUy5vYmplY3RzViRjbGFzc6INDoACgAOiEBGABIAFgAdccmVsYXRpdmVQYXRoWWFsaWFzRGF0YV8QRERvY3MvRGlzdHJpYnV0ZWRIeWRyb2xvZ2ljYWxNb2RlbHNfMS1zMi4wLVMwMDIyMTY5NDk2MDMzMjlYLW1haW4ucGRm0hcLGBlXTlMuZGF0YU8RApwAAAAAApwAAgAADE1hY2ludG9zaCBIRAAAAAAAAAAAAAAAAAAAAMpBBgxIKwAAA7G9/B9EaXN0cmlidXRlZEh5ZHJvbG9nIzNCMDUzMzAucGRmAAAAAAAAAAAAAAAAAAAAAAAAAAAAAAAAAAAAAAAAAAADsFMw0njchAAAAAAAAAAAAAEAAwAACSAAAAAAAAAAAAAAAAAAAAAERG9jcwAQAAgAAMpA6ewAAAARAAgAANJ4znQAAAABACADsb38A7G9+wOxvfkAqZh6AJDCKQAFAhUABQIUAAC+7AACAH5NYWNpbnRvc2ggSEQ6VXNlcnM6AEp1c3RlOgBEb2N1bWVudHM6AENvbXBsZXhTeXN0ZW1zOgBCaWJsaW86AERvbWFpblNwZWNpZmljOgBIeWRyb2xvZ3k6AERvY3M6AERpc3RyaWJ1dGVkSHlkcm9sb2cjM0IwNTMzMC5wZGYADgCAAD8ARABpAHMAdAByAGkAYgB1AHQAZQBkAEgAeQBkAHIAbwBsAG8AZwBpAGMAYQBsAE0AbwBkAGUAbABzAF8AMQAtAHMAMgAuADAALQBTADAAMAAyADIAMQA2ADkANAA5ADYAMAAzADMAMgA5AFgALQBtAGEAaQBuAC4AcABkAGYADwAaAAwATQBhAGMAaQBuAHQAbwBzAGgAIABIAEQAEgCJVXNlcnMvSnVzdGUvRG9jdW1lbnRzL0NvbXBsZXhTeXN0ZW1zL0JpYmxpby9Eb21haW5TcGVjaWZpYy9IeWRyb2xvZ3kvRG9jcy9EaXN0cmlidXRlZEh5ZHJvbG9naWNhbE1vZGVsc18xLXMyLjAtUzAwMjIxNjk0OTYwMzMyOVgtbWFpbi5wZGYAABMAAS8AABUAAgAM//8AAIAG0hscHR5aJGNsYXNzbmFtZVgkY2xhc3Nlc11OU011dGFibGVEYXRhox0fIFZOU0RhdGFYTlNPYmplY3TSGxwiI1xOU0RpY3Rpb25hcnmiIiBfEA9OU0tleWVkQXJjaGl2ZXLRJidUcm9vdIABAAgAEQAaACMALQAyADcAQABGAE0AVQBgAGcAagBsAG4AcQBzAHUAdwCEAI4A1QDaAOIDggOEA4kDlAOdA6sDrwO2A78DxAPRA9QD5gPpA+4AAAAAAAACAQAAAAAAAAAoAAAAAAAAAAAAAAAAAAAD8A==}}

@article{beven1993prophecy,
	Author = {Beven, Keith},
	Date-Added = {2015-11-24 13:53:21 +0000},
	Date-Modified = {2015-11-24 13:53:21 +0000},
	Journal = {Advances in water resources},
	Number = {1},
	Pages = {41--51},
	Publisher = {Elsevier},
	Title = {Prophecy, reality and uncertainty in distributed hydrological modelling},
	Volume = {16},
	Year = {1993},
	Bdsk-File-1 = {YnBsaXN0MDDUAQIDBAUGJCVYJHZlcnNpb25YJG9iamVjdHNZJGFyY2hpdmVyVCR0b3ASAAGGoKgHCBMUFRYaIVUkbnVsbNMJCgsMDxJXTlMua2V5c1pOUy5vYmplY3RzViRjbGFzc6INDoACgAOiEBGABIAFgAdccmVsYXRpdmVQYXRoWWFsaWFzRGF0YV8QLkRvY3MvUHJvcGhlY3lfMS1zMi4wLTAzMDkxNzA4OTM5MDAyOEUtbWFpbi5wZGbSFwsYGVdOUy5kYXRhTxECWgAAAAACWgACAAAMTWFjaW50b3NoIEhEAAAAAAAAAAAAAAAAAAAAykEGDEgrAAADsb38H1Byb3BoZWN5XzEtczIuMC0wMzAjM0IxQkRFQS5wZGYAAAAAAAAAAAAAAAAAAAAAAAAAAAAAAAAAAAAAAAAAAAOxverSeinGAAAAAAAAAAAAAQADAAAJIAAAAAAAAAAAAAAAAAAAAAREb2NzABAACAAAykDp7AAAABEACAAA0nobtgAAAAEAIAOxvfwDsb37A7G9+QCpmHoAkMIpAAUCFQAFAhQAAL7sAAIAfk1hY2ludG9zaCBIRDpVc2VyczoASnVzdGU6AERvY3VtZW50czoAQ29tcGxleFN5c3RlbXM6AEJpYmxpbzoARG9tYWluU3BlY2lmaWM6AEh5ZHJvbG9neToARG9jczoAUHJvcGhlY3lfMS1zMi4wLTAzMCMzQjFCREVBLnBkZgAOAFQAKQBQAHIAbwBwAGgAZQBjAHkAXwAxAC0AcwAyAC4AMAAtADAAMwAwADkAMQA3ADAAOAA5ADMAOQAwADAAMgA4AEUALQBtAGEAaQBuAC4AcABkAGYADwAaAAwATQBhAGMAaQBuAHQAbwBzAGgAIABIAEQAEgBzVXNlcnMvSnVzdGUvRG9jdW1lbnRzL0NvbXBsZXhTeXN0ZW1zL0JpYmxpby9Eb21haW5TcGVjaWZpYy9IeWRyb2xvZ3kvRG9jcy9Qcm9waGVjeV8xLXMyLjAtMDMwOTE3MDg5MzkwMDI4RS1tYWluLnBkZgAAEwABLwAAFQACAAz//wAAgAbSGxwdHlokY2xhc3NuYW1lWCRjbGFzc2VzXU5TTXV0YWJsZURhdGGjHR8gVk5TRGF0YVhOU09iamVjdNIbHCIjXE5TRGljdGlvbmFyeaIiIF8QD05TS2V5ZWRBcmNoaXZlctEmJ1Ryb290gAEACAARABoAIwAtADIANwBAAEYATQBVAGAAZwBqAGwAbgBxAHMAdQB3AIQAjgC/AMQAzAMqAywDMQM8A0UDUwNXA14DZwNsA3kDfAOOA5EDlgAAAAAAAAIBAAAAAAAAACgAAAAAAAAAAAAAAAAAAAOY}}
