




@ARTICLE{2018arXiv180908937P,
   author = {{Preiser-Kapeller}, J.},
    title = "{Networks and the Resilience and Fall of Empires: a Macro-Comparison of the Imperium Romanum and Imperial China}",
  journal = {ArXiv e-prints},
archivePrefix = "arXiv",
   eprint = {1809.08937},
 primaryClass = "physics.soc-ph",
 keywords = {Physics - Physics and Society, Nonlinear Sciences - Adaptation and Self-Organizing Systems},
     year = 2018,
    month = sep,
   adsurl = {http://adsabs.harvard.edu/abs/2018arXiv180908937P},
  adsnote = {Provided by the SAO/NASA Astrophysics Data System},
  file = {Docs/1809.08937.pdf}
}





@article{yose2018network,
  title={Network analysis of the Viking Age in Ireland as portrayed in Cogadh Gaedhel re Gallaibh},
  author={Yose, Joseph and Kenna, Ralph and MacCarron, M{\'a}ir{\'\i}n and MacCarron, P{\'a}draig},
  journal={Royal Society open science},
  volume={5},
  number={1},
  pages={171024},
  year={2018},
  publisher={The Royal Society},
  file={Docs/1707.07526.pdf}
}



@article{haldon2018history,
	  title={History meets palaeoscience: Consilience and collaboration in studying past societal responses to environmental change},
	    author={Haldon, John and Mordechai, Lee and Newfield, Timothy P and Chase, Arlen F and Izdebski, Adam and Guzowski, Piotr and Labuhn, Inga and Roberts, Neil},
	      journal={Proceedings of the National Academy of Sciences},
	        pages={201716912},
		  year={2018},
		    publisher={National Acad Sciences},
		    file={Docs/10.1073@pnas.1716912115.pdf}
}



