


@article{crutchfield2016not,
  title={Not all fluctuations are created equal: Spontaneous variations in thermodynamic function},
  author={Crutchfield, James P and Aghamohammadi, Cina},
  journal={arXiv preprint arXiv:1609.02519},
  year={2016},
  file={Docs/1609.02519.pdf}
}

