


@ARTICLE{2017arXiv171109260T,
   author = {{Tzermias}, Z. and {Papadopoulos}, P. and {Ioannidis}, S. and 
	{Prevelakis}, V.},
    title = "{Privacy Risks from Public Data Sources}",
  journal = {ArXiv e-prints},
archivePrefix = "arXiv",
   eprint = {1711.09260},
 primaryClass = "cs.CY",
 keywords = {Computer Science - Computers and Society},
     year = 2017,
    month = nov,
   adsurl = {http://adsabs.harvard.edu/abs/2017arXiv171109260T},
  adsnote = {Provided by the SAO/NASA Astrophysics Data System},
  file={Docs/1711.09260.pdf}
}

