
@article{sanchez2018agent,
	  title={Agent-based models and industrial organization theory. A price-competition algorithm for agent-based models based on Game Theory},
	    author={Sanchez-Cartas, Juan Manuel},
	      journal={Complex Adaptive Systems Modeling},
	        volume={6},
		  number={1},
		    pages={2},
		      year={2018},
		        publisher={Springer},
			file={Docs/s40294-018-0053-7.pdf}
}


