


@article{maki2009models,
  title={Models and truth: The functional decompositional approach},
  author={Maki, U},
  journal={European Philosophy of Science},
  year={2009},
  file={Docs/ModelsEPSApubl09.pdf}
}


@article{mcguire2004perspectivist,
  title={A perspectivist approach to theory construction},
  author={McGuire, William J},
  journal={Personality and Social Psychology Review},
  volume={8},
  number={2},
  pages={173--182},
  year={2004},
  publisher={Sage Publications Sage CA: Los Angeles, CA},
  file={Docs/mcguire2004.pdf}
}

