

@ARTICLE{2018arXiv180503721A,
   author = {{Arndt}, N. and {Naumann}, P. and {Radtke}, N. and {Martin}, M. and 
	{Marx}, E.},
    title = "{Decentralized Collaborative Knowledge Management using Git}",
  journal = {ArXiv e-prints},
archivePrefix = "arXiv",
   eprint = {1805.03721},
 primaryClass = "cs.DB",
 keywords = {Computer Science - Databases, Computer Science - Distributed, Parallel, and Cluster Computing, Computer Science - Multiagent Systems, Computer Science - Networking and Internet Architecture, 68P10, 68P20},
     year = 2018,
    month = may,
   adsurl = {http://adsabs.harvard.edu/abs/2018arXiv180503721A},
  adsnote = {Provided by the SAO/NASA Astrophysics Data System},
  file={Docs/1805.03721.pdf}
}





