

@article{doi:10.1177/2399808319839494,
author = {Michael Batty},
title ={Urban analytics defined},
journal = {Environment and Planning B: Urban Analytics and City Science},
volume = {46},
number = {3},
pages = {403-405},
year = {2019},
doi = {10.1177/2399808319839494},

URL = { 
        https://doi.org/10.1177/2399808319839494
    
},
eprint = { 
        https://doi.org/10.1177/2399808319839494
    
},
file={Docs/2399808319839494.pdf}
}


@book{batty1976urban,
  title={Urban modelling},
  author={Batty, Michael},
  year={1976},
  publisher={Cambridge University Press Cambridge},
  file={Docs/099c24ad6447c4883a3acecac1c6b94e35a4.pdf}
}

