


@article{bar2016limits,
  title={The limits of phenomenology: from behaviorism to drug testing and engineering design},
  author={Bar-Yam, Yaneer},
  journal={Complexity},
  volume={21},
  number={S1},
  pages={181--189},
  year={2016},
  publisher={Wiley Online Library},
  file={Docs/baryam2015.pdf}
}



@article{scheffer2009early,
  title={Early-warning signals for critical transitions},
  author={Scheffer, Marten and Bascompte, Jordi and Brock, William A and Brovkin, Victor and Carpenter, Stephen R and Dakos, Vasilis and Held, Hermann and Van Nes, Egbert H and Rietkerk, Max and Sugihara, George},
  journal={Nature},
  volume={461},
  number={7260},
  pages={53},
  year={2009},
  publisher={Nature Publishing Group},
  file={Docs/scheffer2009a.pdf}
}


@article{morin2007complexite,
  title={Complexit{\'e} restreinte, complexit{\'e} g{\'e}n{\'e}rale},
  author={Morin, Edgar},
  journal={Intelligence de la complexit{\'e}},
  pages={28--64},
  year={2007},
  file={Docs/1003morin.pdf.pdf}
}


