

@article{matsuo2018development,
	  title={Development of the Japanese Moral Foundations Dictionary: Procedures and Applications},
	    author={Matsuo, Akiko and Sasahara, Kazutoshi and Taguchi, Yasuhiro and Karasawa, Minoru},
	      journal={arXiv preprint arXiv:1804.00871},
	        year={2018},
		file={Docs/1804.00871.pdf}
}



@article{garg2018word,
	  title={Word embeddings quantify 100 years of gender and ethnic stereotypes},
	    author={Garg, Nikhil and Schiebinger, Londa and Jurafsky, Dan and Zou, James},
	      journal={Proceedings of the National Academy of Sciences},
	        pages={201720347},
		  year={2018},
		    publisher={National Acad Sciences},
		    file={Docs/10.1073@pnas.1720347115.pdf}
}



