




@article{vsavrivc2018equal,
  title={The Equal Earth map projection},
  author={{\v{S}}avri{\v{c}}, Bojan and Patterson, Tom and Jenny, Bernhard},
  journal={International Journal of Geographical Information Science},
  pages={1--12},
  year={2018},
  publisher={Taylor \& Francis},
  file={Docs/avri2018.pdf}
}


@article{gastner2018fast,
	  title={Fast flow-based algorithm for creating density-equalizing map projections},
	    author={Gastner, Michael T and Seguy, Vivien and More, Pratyush},
	      journal={Proceedings of the National Academy of Sciences},
	        pages={201712674},
		  year={2018},
		    publisher={National Acad Sciences},
		    file={Docs/E2156.full.pdf}
}



