

@article{Oxman2018Age,
journal={Journal of Design and Science},
doi={10.21428/7e0583ad},
note={https://jods.mitpress.mit.edu/pub/ageofentanglement},
title={{Age of Entanglement}},
url={https://jods.mitpress.mit.edu/pub/ageofentanglement},
author={Oxman, Neri},
date={2018-04-16},
year=2018,
month=4,
day=16,
file={Docs/09d6a88c-ad2e-4869-912e-8ee75590a4cd.pdf}
}

