%% This BibTeX bibliography file was created using BibDesk.
%% http://bibdesk.sourceforge.net/


%% Created for Juste Raimbault at 2014-06-25 16:17:00 +0200 


%% Saved with string encoding Occidental (ISO Latin 1) 



@article{demongeot2008simulation,
	Author = {Demongeot, Jacques and Sen{\'e}, Sylvain},
	Date-Added = {2014-06-25 14:16:22 +0000},
	Date-Modified = {2014-06-25 14:16:39 +0000},
	Journal = {Neural Networks},
	Number = {7},
	Pages = {962--970},
	Publisher = {Elsevier},
	Title = {Boundary conditions and phase transitions in neural networks. Simulation results},
	Volume = {21},
	Year = {2008},
	Bdsk-File-1 = {YnBsaXN0MDDUAQIDBAUGJCVYJHZlcnNpb25YJG9iamVjdHNZJGFyY2hpdmVyVCR0b3ASAAGGoKgHCBMUFRYaIVUkbnVsbNMJCgsMDRBWJGNsYXNzV05TLmtleXNaTlMub2JqZWN0c4AHog4PgAKAA6IREoAEgAVccmVsYXRpdmVQYXRoWWFsaWFzRGF0YV1Eb2NzL2RzMDgucGRm0gkXGBlXTlMuZGF0YYAGTxEBzAAAAAABzAACAAAMTWFjaW50b3NoIEhEAAAAAAAAAAAAAAAAAAAAykEGDEgrAAAByvYWCGRzMDgucGRmAAAAAAAAAAAAAAAAAAAAAAAAAAAAAAAAAAAAAAAAAAAAAAAAAAAAAAAAAAAAAAAAAAAAAAAAAAHL/33P0KYgAAAAAAAAAAAAAQADAAAJIAAAAAAAAAAAAAAAAAAAAAREb2NzABAACAAAykDp7AAAABEACAAAz9CKAAAAAAEAIAHK9hYByvYVAXkJNwF41FQAkMIpAAUCFQAFAhQAAL7sAAIAXU1hY2ludG9zaCBIRDpVc2VyczoASnVzdGU6AERvY3VtZW50czoAQ29tcGxleFN5c3RlbXM6AE1pc2M6AElDQ1NBMjAxNDoAQmlibGlvOgBEb2NzOgBkczA4LnBkZgAADgASAAgAZABzADAAOAAuAHAAZABmAA8AGgAMAE0AYQBjAGkAbgB0AG8AcwBoACAASABEABIASFVzZXJzL0p1c3RlL0RvY3VtZW50cy9Db21wbGV4U3lzdGVtcy9NaXNjL0lDQ1NBMjAxNC9CaWJsaW8vRG9jcy9kczA4LnBkZgATAAEvAAAVAAIADP//AADSGxwdHlokY2xhc3NuYW1lWCRjbGFzc2VzXU5TTXV0YWJsZURhdGGjHR8gVk5TRGF0YVhOU09iamVjdNIbHCIjXE5TRGljdGlvbmFyeaIiIF8QD05TS2V5ZWRBcmNoaXZlctEmJ1Ryb290gAEACAARABoAIwAtADIANwBAAEYATQBUAFwAZwBpAGwAbgBwAHMAdQB3AIQAjgCcAKEAqQCrAnsCgAKLApQCogKmAq0CtgK7AsgCywLdAuAC5QAAAAAAAAIBAAAAAAAAACgAAAAAAAAAAAAAAAAAAALn}}

@article{demongeot2008boundary,
	Author = {Demongeot, Jacques and J{\'e}z{\'e}quel, Christelle and Sen{\'e}, Sylvain},
	Date-Added = {2014-06-25 14:15:58 +0000},
	Date-Modified = {2014-06-25 14:15:58 +0000},
	Journal = {Neural Networks},
	Number = {7},
	Pages = {971--979},
	Publisher = {Elsevier},
	Title = {Boundary conditions and phase transitions in neural networks. Theoretical results},
	Volume = {21},
	Year = {2008},
	Bdsk-File-1 = {YnBsaXN0MDDUAQIDBAUGJCVYJHZlcnNpb25YJG9iamVjdHNZJGFyY2hpdmVyVCR0b3ASAAGGoKgHCBMUFRYaIVUkbnVsbNMJCgsMDRBWJGNsYXNzV05TLmtleXNaTlMub2JqZWN0c4AHog4PgAKAA6IREoAEgAVccmVsYXRpdmVQYXRoWWFsaWFzRGF0YV5Eb2NzL2RqczA4LnBkZtIJFxgZV05TLmRhdGGABk8RAdAAAAAAAdAAAgAADE1hY2ludG9zaCBIRAAAAAAAAAAAAAAAAAAAAMpBBgxIKwAAAcr2FglkanMwOC5wZGYAAAAAAAAAAAAAAAAAAAAAAAAAAAAAAAAAAAAAAAAAAAAAAAAAAAAAAAAAAAAAAAAAAAAAAAABy/9Tz9CmCwAAAAAAAAAAAAEAAwAACSAAAAAAAAAAAAAAAAAAAAAERG9jcwAQAAgAAMpA6ewAAAARAAgAAM/QiesAAAABACAByvYWAcr2FQF5CTcBeNRUAJDCKQAFAhUABQIUAAC+7AACAF5NYWNpbnRvc2ggSEQ6VXNlcnM6AEp1c3RlOgBEb2N1bWVudHM6AENvbXBsZXhTeXN0ZW1zOgBNaXNjOgBJQ0NTQTIwMTQ6AEJpYmxpbzoARG9jczoAZGpzMDgucGRmAA4AFAAJAGQAagBzADAAOAAuAHAAZABmAA8AGgAMAE0AYQBjAGkAbgB0AG8AcwBoACAASABEABIASVVzZXJzL0p1c3RlL0RvY3VtZW50cy9Db21wbGV4U3lzdGVtcy9NaXNjL0lDQ1NBMjAxNC9CaWJsaW8vRG9jcy9kanMwOC5wZGYAABMAAS8AABUAAgAM//8AANIbHB0eWiRjbGFzc25hbWVYJGNsYXNzZXNdTlNNdXRhYmxlRGF0YaMdHyBWTlNEYXRhWE5TT2JqZWN00hscIiNcTlNEaWN0aW9uYXJ5oiIgXxAPTlNLZXllZEFyY2hpdmVy0SYnVHJvb3SAAQAIABEAGgAjAC0AMgA3AEAARgBNAFQAXABnAGkAbABuAHAAcwB1AHcAhACOAJ0AogCqAKwCgAKFApACmQKnAqsCsgK7AsACzQLQAuIC5QLqAAAAAAAAAgEAAAAAAAAAKAAAAAAAAAAAAAAAAAAAAuw=}}

@article{Molkenthin:2014fk,
	Author = {Molkenthin, Nora and Rehfeld, Kira and Marwan, Norbert and Kurths, J{\~A}¼rgen},
	Date = {2014/02/18/online},
	Date-Added = {2014-06-25 12:36:10 +0000},
	Date-Modified = {2014-06-25 12:36:10 +0000},
	Day = {18},
	Journal = {Sci. Rep.},
	L3 = {10.1038/srep04119; http://www.nature.com/srep/2014/140218/srep04119/abs/srep04119.html#supplementary-information},
	M3 = {Article},
	Month = {02},
	Publisher = {Macmillan Publishers Limited. All rights reserved},
	Title = {Networks from Flows - From Dynamics to Topology},
	Ty = {JOUR},
	Url = {http://dx.doi.org/10.1038/srep04119},
	Volume = {4},
	Year = {2014},
	Bdsk-File-1 = {YnBsaXN0MDDUAQIDBAUGJCVYJHZlcnNpb25YJG9iamVjdHNZJGFyY2hpdmVyVCR0b3ASAAGGoKgHCBMUFRYaIVUkbnVsbNMJCgsMDRBWJGNsYXNzV05TLmtleXNaTlMub2JqZWN0c4AHog4PgAKAA6IREoAEgAVccmVsYXRpdmVQYXRoWWFsaWFzRGF0YV8QEkRvY3Mvc3JlcDA0MTE5LnBkZtIJFxgZV05TLmRhdGGABk8RAeAAAAAAAeAAAgAADE1hY2ludG9zaCBIRAAAAAAAAAAAAAAAAAAAAMpBBgxIKwAAAcr2Fg1zcmVwMDQxMTkucGRmAAAAAAAAAAAAAAAAAAAAAAAAAAAAAAAAAAAAAAAAAAAAAAAAAAAAAAAAAAAAAAAAAAABy3mTz9COlwAAAAAAAAAAAAEAAwAACSAAAAAAAAAAAAAAAAAAAAAERG9jcwAQAAgAAMpA6ewAAAARAAgAAM/QcncAAAABACAByvYWAcr2FQF5CTcBeNRUAJDCKQAFAhUABQIUAAC+7AACAGJNYWNpbnRvc2ggSEQ6VXNlcnM6AEp1c3RlOgBEb2N1bWVudHM6AENvbXBsZXhTeXN0ZW1zOgBNaXNjOgBJQ0NTQTIwMTQ6AEJpYmxpbzoARG9jczoAc3JlcDA0MTE5LnBkZgAOABwADQBzAHIAZQBwADAANAAxADEAOQAuAHAAZABmAA8AGgAMAE0AYQBjAGkAbgB0AG8AcwBoACAASABEABIATVVzZXJzL0p1c3RlL0RvY3VtZW50cy9Db21wbGV4U3lzdGVtcy9NaXNjL0lDQ1NBMjAxNC9CaWJsaW8vRG9jcy9zcmVwMDQxMTkucGRmAAATAAEvAAAVAAIADP//AADSGxwdHlokY2xhc3NuYW1lWCRjbGFzc2VzXU5TTXV0YWJsZURhdGGjHR8gVk5TRGF0YVhOU09iamVjdNIbHCIjXE5TRGljdGlvbmFyeaIiIF8QD05TS2V5ZWRBcmNoaXZlctEmJ1Ryb290gAEACAARABoAIwAtADIANwBAAEYATQBUAFwAZwBpAGwAbgBwAHMAdQB3AIQAjgCjAKgAsACyApYCmwKmAq8CvQLBAsgC0QLWAuMC5gL4AvsDAAAAAAAAAAIBAAAAAAAAACgAAAAAAAAAAAAAAAAAAAMC},
	Bdsk-Url-1 = {http://dx.doi.org/10.1038/srep04119}}

@article{ott1990controlling,
	Author = {Ott, Edward and Grebogi, Celso and Yorke, James A},
	Date-Added = {2014-06-24 20:53:45 +0000},
	Date-Modified = {2014-06-24 20:53:45 +0000},
	Journal = {Physical review letters},
	Number = {11},
	Pages = {1196},
	Publisher = {APS},
	Title = {Controlling chaos},
	Volume = {64},
	Year = {1990},
	Bdsk-File-1 = {YnBsaXN0MDDUAQIDBAUGJCVYJHZlcnNpb25YJG9iamVjdHNZJGFyY2hpdmVyVCR0b3ASAAGGoKgHCBMUFRYaIVUkbnVsbNMJCgsMDRBWJGNsYXNzV05TLmtleXNaTlMub2JqZWN0c4AHog4PgAKAA6IREoAEgAVccmVsYXRpdmVQYXRoWWFsaWFzRGF0YV8QKkRvY3MvMTk5MF8wNl9PR1lfUFJMX0NvbnRyb2xsaW5nX2NoYW9zLnBkZtIJFxgZV05TLmRhdGGABk8RAjoAAAAAAjoAAgAADE1hY2ludG9zaCBIRAAAAAAAAAAAAAAAAAAAAMpBBgxIKwAAAcr2Fh8xOTkwXzA2X09HWV9QUkxfQ29uIzFDQUY2MDYucGRmAAAAAAAAAAAAAAAAAAAAAAAAAAAAAAAAAAAAAAAAAAAByvYGz8+xsAAAAAAAAAAAAAEAAwAACSAAAAAAAAAAAAAAAAAAAAAERG9jcwAQAAgAAMpA6ewAAAARAAgAAM/PlZAAAAABACAByvYWAcr2FQF5CTcBeNRUAJDCKQAFAhUABQIUAAC+7AACAHRNYWNpbnRvc2ggSEQ6VXNlcnM6AEp1c3RlOgBEb2N1bWVudHM6AENvbXBsZXhTeXN0ZW1zOgBNaXNjOgBJQ0NTQTIwMTQ6AEJpYmxpbzoARG9jczoAMTk5MF8wNl9PR1lfUFJMX0NvbiMxQ0FGNjA2LnBkZgAOAEwAJQAxADkAOQAwAF8AMAA2AF8ATwBHAFkAXwBQAFIATABfAEMAbwBuAHQAcgBvAGwAbABpAG4AZwBfAGMAaABhAG8AcwAuAHAAZABmAA8AGgAMAE0AYQBjAGkAbgB0AG8AcwBoACAASABEABIAZVVzZXJzL0p1c3RlL0RvY3VtZW50cy9Db21wbGV4U3lzdGVtcy9NaXNjL0lDQ1NBMjAxNC9CaWJsaW8vRG9jcy8xOTkwXzA2X09HWV9QUkxfQ29udHJvbGxpbmdfY2hhb3MucGRmAAATAAEvAAAVAAIADP//AADSGxwdHlokY2xhc3NuYW1lWCRjbGFzc2VzXU5TTXV0YWJsZURhdGGjHR8gVk5TRGF0YVhOU09iamVjdNIbHCIjXE5TRGljdGlvbmFyeaIiIF8QD05TS2V5ZWRBcmNoaXZlctEmJ1Ryb290gAEACAARABoAIwAtADIANwBAAEYATQBUAFwAZwBpAGwAbgBwAHMAdQB3AIQAjgC7AMAAyADKAwgDDQMYAyEDLwMzAzoDQwNIA1UDWANqA20DcgAAAAAAAAIBAAAAAAAAACgAAAAAAAAAAAAAAAAAAAN0}}
