



@article{calefato2018ask,
  title={How to ask for technical help? Evidence-based guidelines for writing questions on Stack Overflow},
  author={Calefato, Fabio and Lanubile, Filippo and Novielli, Nicole},
  journal={Information and Software Technology},
  volume={94},
  pages={186--207},
  year={2018},
  publisher={Elsevier},
  file={Docs/1710.04692.pdf}
}


@article{yucesoy2018success,
	  title={Success in books: a big data approach to bestsellers},
	    author={Yucesoy, Burcu and Wang, Xindi and Huang, Junming and Barab{\'a}si, Albert-L{\'a}szl{\'o}},
	      journal={EPJ Data Science},
	        volume={7},
		  number={1},
		    pages={7},
		      year={2018},
		        publisher={Springer},
			file={Docs/s13688-018-0135-y.pdf}
}



