

@ARTICLE{2018arXiv180507980L,
   author = {{Li}, X. and {Liao}, S.},
    title = "{Collisionless periodic orbits in the free-fall three-body problem}",
  journal = {ArXiv e-prints},
archivePrefix = "arXiv",
   eprint = {1805.07980},
 primaryClass = "nlin.CD",
 keywords = {Nonlinear Sciences - Chaotic Dynamics},
     year = 2018,
    month = may,
   adsurl = {http://adsabs.harvard.edu/abs/2018arXiv180507980L},
  adsnote = {Provided by the SAO/NASA Astrophysics Data System},
  file={Docs/1805.07980.pdf}
}



