
@article{morin2007complexite,
  title={Complexit{\'e} restreinte, complexit{\'e} g{\'e}n{\'e}rale},
  author={Morin, Edgar},
  journal={Intelligence de la complexit{\'e}},
  pages={28--64},
  year={2007},
  file={Docs/1003morin.pdf.pdf}
}


