

@article{goodchild1984city,
  title={The city around the clock: Spaceâ€”time patterns of urban ecological structure},
  author={Goodchild, Michael F and Janelle, Donald G},
  journal={Environment and Planning A},
  volume={16},
  number={6},
  pages={807--820},
  year={1984},
  publisher={SAGE Publications Sage UK: London, England},
  file={Docs/goodchild1984.pdf}
}


@article{le2017social,
  title={Social segregation around the clock in the Paris region (France)},
  author={Le Roux, Guillaume and Vall{\'e}e, Julie and Commenges, Hadrien},
  journal={Journal of Transport Geography},
  volume={59},
  pages={134--145},
  year={2017},
  publisher={Elsevier},
  file={Docs/leroux2017.pdf}
}

