%% This BibTeX bibliography file was created using BibDesk.
%% http://bibdesk.sourceforge.net/


%% Created for Juste Raimbault at 2015-12-01 15:21:34 +0100 


%% Saved with string encoding Occidental (ISO Latin 1) 



@article{di1998espace,
	Author = {Di Meo, Guy},
	Date-Added = {2015-12-01 14:20:58 +0000},
	Date-Modified = {2015-12-01 14:20:58 +0000},
	Journal = {L'information g{\'e}ographique},
	Number = {3},
	Pages = {99--110},
	Publisher = {Armand Colin},
	Title = {De l'espace aux territoires: {\'e}l{\'e}ments pour une arch{\'e}ologie des concepts fondamentaux de la g{\'e}ographie},
	Volume = {62},
	Year = {1998},
	Bdsk-File-1 = {YnBsaXN0MDDUAQIDBAUGJCVYJHZlcnNpb25YJG9iamVjdHNZJGFyY2hpdmVyVCR0b3ASAAGGoKgHCBMUFRYaIVUkbnVsbNMJCgsMDxJXTlMua2V5c1pOUy5vYmplY3RzViRjbGFzc6INDoACgAOiEBGABIAFgAdccmVsYXRpdmVQYXRoWWFsaWFzRGF0YV8QK0RvY3MvaW5nZW9fMDAyMC0wMDkzXzE5OThfbnVtXzYyXzNfMjU4Ni5wZGbSFwsYGVdOUy5kYXRhTxECYAAAAAACYAACAAAMTWFjaW50b3NoIEhEAAAAAAAAAAAAAAAAAAAAykEGDEgrAAADuj+JH2luZ2VvXzAwMjAtMDA5M18xOTkjM0JEMzI0OS5wZGYAAAAAAAAAAAAAAAAAAAAAAAAAAAAAAAAAAAAAAAAAAAO9MknSg2tfAAAAAAAAAAAAAQADAAAJIAAAAAAAAAAAAAAAAAAAAAREb2NzABAACAAAykDp7AAAABEACAAA0oNdTwAAAAEAIAO6P4kDuj9nA7G9+QCpmHoAkMIpAAUCFQAFAhQAAL7sAAIAhU1hY2ludG9zaCBIRDpVc2VyczoASnVzdGU6AERvY3VtZW50czoAQ29tcGxleFN5c3RlbXM6AEJpYmxpbzoARG9tYWluU3BlY2lmaWM6AFNwYXRpYWxDb2duaXRpb246AERvY3M6AGluZ2VvXzAwMjAtMDA5M18xOTkjM0JEMzI0OS5wZGYAAA4ATgAmAGkAbgBnAGUAbwBfADAAMAAyADAALQAwADAAOQAzAF8AMQA5ADkAOABfAG4AdQBtAF8ANgAyAF8AMwBfADIANQA4ADYALgBwAGQAZgAPABoADABNAGEAYwBpAG4AdABvAHMAaAAgAEgARAASAHdVc2Vycy9KdXN0ZS9Eb2N1bWVudHMvQ29tcGxleFN5c3RlbXMvQmlibGlvL0RvbWFpblNwZWNpZmljL1NwYXRpYWxDb2duaXRpb24vRG9jcy9pbmdlb18wMDIwLTAwOTNfMTk5OF9udW1fNjJfM18yNTg2LnBkZgAAEwABLwAAFQACAAz//wAAgAbSGxwdHlokY2xhc3NuYW1lWCRjbGFzc2VzXU5TTXV0YWJsZURhdGGjHR8gVk5TRGF0YVhOU09iamVjdNIbHCIjXE5TRGljdGlvbmFyeaIiIF8QD05TS2V5ZWRBcmNoaXZlctEmJ1Ryb290gAEACAARABoAIwAtADIANwBAAEYATQBVAGAAZwBqAGwAbgBxAHMAdQB3AIQAjgC8AMEAyQMtAy8DNAM/A0gDVgNaA2EDagNvA3wDfwORA5QDmQAAAAAAAAIBAAAAAAAAACgAAAAAAAAAAAAAAAAAAAOb}}

@article{claval1974geographie,
	Author = {Claval, Paul},
	Date-Added = {2015-12-01 14:12:32 +0000},
	Date-Modified = {2015-12-01 14:12:32 +0000},
	Journal = {Espace g{\'e}ographique},
	Number = {3},
	Pages = {179--187},
	Publisher = {Belin},
	Title = {La g{\'e}ographie et la perception de l'espace},
	Volume = {3},
	Year = {1974},
	Bdsk-File-1 = {YnBsaXN0MDDUAQIDBAUGJCVYJHZlcnNpb25YJG9iamVjdHNZJGFyY2hpdmVyVCR0b3ASAAGGoKgHCBMUFRYaIVUkbnVsbNMJCgsMDxJXTlMua2V5c1pOUy5vYmplY3RzViRjbGFzc6INDoACgAOiEBGABIAFgAdccmVsYXRpdmVQYXRoWWFsaWFzRGF0YV8QKkRvY3Mvc3BnZW9fMDA0Ni0yNDk3XzE5NzRfbnVtXzNfM18xNDc5LnBkZtIXCxgZV05TLmRhdGFPEQJcAAAAAAJcAAIAAAxNYWNpbnRvc2ggSEQAAAAAAAAAAAAAAAAAAADKQQYMSCsAAAO6P4kfc3BnZW9fMDA0Ni0yNDk3XzE5NyMzQkQzMDkzLnBkZgAAAAAAAAAAAAAAAAAAAAAAAAAAAAAAAAAAAAAAAAAAA70wk9KDaUkAAAAAAAAAAAABAAMAAAkgAAAAAAAAAAAAAAAAAAAABERvY3MAEAAIAADKQOnsAAAAEQAIAADSg1s5AAAAAQAgA7o/iQO6P2cDsb35AKmYegCQwikABQIVAAUCFAAAvuwAAgCFTWFjaW50b3NoIEhEOlVzZXJzOgBKdXN0ZToARG9jdW1lbnRzOgBDb21wbGV4U3lzdGVtczoAQmlibGlvOgBEb21haW5TcGVjaWZpYzoAU3BhdGlhbENvZ25pdGlvbjoARG9jczoAc3BnZW9fMDA0Ni0yNDk3XzE5NyMzQkQzMDkzLnBkZgAADgBMACUAcwBwAGcAZQBvAF8AMAAwADQANgAtADIANAA5ADcAXwAxADkANwA0AF8AbgB1AG0AXwAzAF8AMwBfADEANAA3ADkALgBwAGQAZgAPABoADABNAGEAYwBpAG4AdABvAHMAaAAgAEgARAASAHZVc2Vycy9KdXN0ZS9Eb2N1bWVudHMvQ29tcGxleFN5c3RlbXMvQmlibGlvL0RvbWFpblNwZWNpZmljL1NwYXRpYWxDb2duaXRpb24vRG9jcy9zcGdlb18wMDQ2LTI0OTdfMTk3NF9udW1fM18zXzE0NzkucGRmABMAAS8AABUAAgAM//8AAIAG0hscHR5aJGNsYXNzbmFtZVgkY2xhc3Nlc11OU011dGFibGVEYXRhox0fIFZOU0RhdGFYTlNPYmplY3TSGxwiI1xOU0RpY3Rpb25hcnmiIiBfEA9OU0tleWVkQXJjaGl2ZXLRJidUcm9vdIABAAgAEQAaACMALQAyADcAQABGAE0AVQBgAGcAagBsAG4AcQBzAHUAdwCEAI4AuwDAAMgDKAMqAy8DOgNDA1EDVQNcA2UDagN3A3oDjAOPA5QAAAAAAAACAQAAAAAAAAAoAAAAAAAAAAAAAAAAAAADlg==}}

@article{bunting1979behavioral,
	Author = {Bunting, Trudi E and Guelke, Leonard},
	Date-Added = {2015-12-01 14:10:42 +0000},
	Date-Modified = {2015-12-01 14:11:02 +0000},
	Journal = {Annals of the Association of American Geographers},
	Number = {3},
	Pages = {448--462},
	Publisher = {Taylor \& Francis},
	Title = {BEHAVIORAL AND PERCEPTION GEOGRAPHY: A CRITICAL APPRAISAL},
	Volume = {69},
	Year = {1979},
	Bdsk-File-1 = {YnBsaXN0MDDUAQIDBAUGJCVYJHZlcnNpb25YJG9iamVjdHNZJGFyY2hpdmVyVCR0b3ASAAGGoKgHCBMUFRYaIVUkbnVsbNMJCgsMDxJXTlMua2V5c1pOUy5vYmplY3RzViRjbGFzc6INDoACgAOiEBGABIAFgAdccmVsYXRpdmVQYXRoWWFsaWFzRGF0YV8QLkRvY3MvQmVhaHZpb3JhbFBlcmNlcHRpb25HZW9ncmFwaHlfMjU2Mjk3NS5wZGbSFwsYGVdOUy5kYXRhTxECaAAAAAACaAACAAAMTWFjaW50b3NoIEhEAAAAAAAAAAAAAAAAAAAAykEGDEgrAAADuj+JH0JlYWh2aW9yYWxQZXJjZXB0aW8jM0JEMzAyRS5wZGYAAAAAAAAAAAAAAAAAAAAAAAAAAAAAAAAAAAAAAAAAAAO9MC7Sg2jRAAAAAAAAAAAAAQADAAAJIAAAAAAAAAAAAAAAAAAAAAREb2NzABAACAAAykDp7AAAABEACAAA0oNawQAAAAEAIAO6P4kDuj9nA7G9+QCpmHoAkMIpAAUCFQAFAhQAAL7sAAIAhU1hY2ludG9zaCBIRDpVc2VyczoASnVzdGU6AERvY3VtZW50czoAQ29tcGxleFN5c3RlbXM6AEJpYmxpbzoARG9tYWluU3BlY2lmaWM6AFNwYXRpYWxDb2duaXRpb246AERvY3M6AEJlYWh2aW9yYWxQZXJjZXB0aW8jM0JEMzAyRS5wZGYAAA4AVAApAEIAZQBhAGgAdgBpAG8AcgBhAGwAUABlAHIAYwBlAHAAdABpAG8AbgBHAGUAbwBnAHIAYQBwAGgAeQBfADIANQA2ADIAOQA3ADUALgBwAGQAZgAPABoADABNAGEAYwBpAG4AdABvAHMAaAAgAEgARAASAHpVc2Vycy9KdXN0ZS9Eb2N1bWVudHMvQ29tcGxleFN5c3RlbXMvQmlibGlvL0RvbWFpblNwZWNpZmljL1NwYXRpYWxDb2duaXRpb24vRG9jcy9CZWFodmlvcmFsUGVyY2VwdGlvbkdlb2dyYXBoeV8yNTYyOTc1LnBkZgATAAEvAAAVAAIADP//AACABtIbHB0eWiRjbGFzc25hbWVYJGNsYXNzZXNdTlNNdXRhYmxlRGF0YaMdHyBWTlNEYXRhWE5TT2JqZWN00hscIiNcTlNEaWN0aW9uYXJ5oiIgXxAPTlNLZXllZEFyY2hpdmVy0SYnVHJvb3SAAQAIABEAGgAjAC0AMgA3AEAARgBNAFUAYABnAGoAbABuAHEAcwB1AHcAhACOAL8AxADMAzgDOgM/A0oDUwNhA2UDbAN1A3oDhwOKA5wDnwOkAAAAAAAAAgEAAAAAAAAAKAAAAAAAAAAAAAAAAAAAA6Y=}}

@article{wood1970perception,
	Author = {Wood, LJ},
	Date-Added = {2015-12-01 14:07:59 +0000},
	Date-Modified = {2015-12-01 14:07:59 +0000},
	Journal = {Transactions of the Institute of British Geographers},
	Pages = {129--142},
	Publisher = {JSTOR},
	Title = {Perception studies in geography},
	Year = {1970},
	Bdsk-File-1 = {YnBsaXN0MDDUAQIDBAUGJCVYJHZlcnNpb25YJG9iamVjdHNZJGFyY2hpdmVyVCR0b3ASAAGGoKgHCBMUFRYaIVUkbnVsbNMJCgsMDxJXTlMua2V5c1pOUy5vYmplY3RzViRjbGFzc6INDoACgAOiEBGABIAFgAdccmVsYXRpdmVQYXRoWWFsaWFzRGF0YV8QLERvY3MvUGVyY2VwdGlvblN0dWRpZXNJbkdlb2dyYXBoeV82MjEzNTAucGRm0hcLGBlXTlMuZGF0YU8RAmIAAAAAAmIAAgAADE1hY2ludG9zaCBIRAAAAAAAAAAAAAAAAAAAAMpBBgxIKwAAA7o/iR9QZXJjZXB0aW9uU3R1ZGllc0luIzNCRDJFNDEucGRmAAAAAAAAAAAAAAAAAAAAAAAAAAAAAAAAAAAAAAAAAAADvS5B0oNoHwAAAAAAAAAAAAEAAwAACSAAAAAAAAAAAAAAAAAAAAAERG9jcwAQAAgAAMpA6ewAAAARAAgAANKDWg8AAAABACADuj+JA7o/ZwOxvfkAqZh6AJDCKQAFAhUABQIUAAC+7AACAIVNYWNpbnRvc2ggSEQ6VXNlcnM6AEp1c3RlOgBEb2N1bWVudHM6AENvbXBsZXhTeXN0ZW1zOgBCaWJsaW86AERvbWFpblNwZWNpZmljOgBTcGF0aWFsQ29nbml0aW9uOgBEb2NzOgBQZXJjZXB0aW9uU3R1ZGllc0luIzNCRDJFNDEucGRmAAAOAFAAJwBQAGUAcgBjAGUAcAB0AGkAbwBuAFMAdAB1AGQAaQBlAHMASQBuAEcAZQBvAGcAcgBhAHAAaAB5AF8ANgAyADEAMwA1ADAALgBwAGQAZgAPABoADABNAGEAYwBpAG4AdABvAHMAaAAgAEgARAASAHhVc2Vycy9KdXN0ZS9Eb2N1bWVudHMvQ29tcGxleFN5c3RlbXMvQmlibGlvL0RvbWFpblNwZWNpZmljL1NwYXRpYWxDb2duaXRpb24vRG9jcy9QZXJjZXB0aW9uU3R1ZGllc0luR2VvZ3JhcGh5XzYyMTM1MC5wZGYAEwABLwAAFQACAAz//wAAgAbSGxwdHlokY2xhc3NuYW1lWCRjbGFzc2VzXU5TTXV0YWJsZURhdGGjHR8gVk5TRGF0YVhOU09iamVjdNIbHCIjXE5TRGljdGlvbmFyeaIiIF8QD05TS2V5ZWRBcmNoaXZlctEmJ1Ryb290gAEACAARABoAIwAtADIANwBAAEYATQBVAGAAZwBqAGwAbgBxAHMAdQB3AIQAjgC9AMIAygMwAzIDNwNCA0sDWQNdA2QDbQNyA38DggOUA5cDnAAAAAAAAAIBAAAAAAAAACgAAAAAAAAAAAAAAAAAAAOe}}

@article{fremont1974recherches,
	Author = {Fr{\'e}mont, Armand},
	Date-Added = {2015-12-01 09:43:25 +0000},
	Date-Modified = {2015-12-01 09:43:25 +0000},
	Journal = {Espace g{\'e}ographique},
	Number = {3},
	Pages = {231--238},
	Publisher = {Belin},
	Title = {Recherches sur l'espace v{\'e}cu},
	Volume = {3},
	Year = {1974},
	Bdsk-File-1 = {YnBsaXN0MDDUAQIDBAUGJCVYJHZlcnNpb25YJG9iamVjdHNZJGFyY2hpdmVyVCR0b3ASAAGGoKgHCBMUFRYaIVUkbnVsbNMJCgsMDxJXTlMua2V5c1pOUy5vYmplY3RzViRjbGFzc6INDoACgAOiEBGABIAFgAdccmVsYXRpdmVQYXRoWWFsaWFzRGF0YV8QKkRvY3Mvc3BnZW9fMDA0Ni0yNDk3XzE5NzRfbnVtXzNfM18xNDkxLnBkZtIXCxgZV05TLmRhdGFPEQJcAAAAAAJcAAIAAAxNYWNpbnRvc2ggSEQAAAAAAAAAAAAAAAAAAADKQQYMSCsAAAO6P4kfc3BnZW9fMDA0Ni0yNDk3XzE5NyMzQkQwQTE5LnBkZgAAAAAAAAAAAAAAAAAAAAAAAAAAAAAAAAAAAAAAAAAAA70KGdKDKe8AAAAAAAAAAAABAAMAAAkgAAAAAAAAAAAAAAAAAAAABERvY3MAEAAIAADKQOnsAAAAEQAIAADSgxvfAAAAAQAgA7o/iQO6P2cDsb35AKmYegCQwikABQIVAAUCFAAAvuwAAgCFTWFjaW50b3NoIEhEOlVzZXJzOgBKdXN0ZToARG9jdW1lbnRzOgBDb21wbGV4U3lzdGVtczoAQmlibGlvOgBEb21haW5TcGVjaWZpYzoAU3BhdGlhbENvZ25pdGlvbjoARG9jczoAc3BnZW9fMDA0Ni0yNDk3XzE5NyMzQkQwQTE5LnBkZgAADgBMACUAcwBwAGcAZQBvAF8AMAAwADQANgAtADIANAA5ADcAXwAxADkANwA0AF8AbgB1AG0AXwAzAF8AMwBfADEANAA5ADEALgBwAGQAZgAPABoADABNAGEAYwBpAG4AdABvAHMAaAAgAEgARAASAHZVc2Vycy9KdXN0ZS9Eb2N1bWVudHMvQ29tcGxleFN5c3RlbXMvQmlibGlvL0RvbWFpblNwZWNpZmljL1NwYXRpYWxDb2duaXRpb24vRG9jcy9zcGdlb18wMDQ2LTI0OTdfMTk3NF9udW1fM18zXzE0OTEucGRmABMAAS8AABUAAgAM//8AAIAG0hscHR5aJGNsYXNzbmFtZVgkY2xhc3Nlc11OU011dGFibGVEYXRhox0fIFZOU0RhdGFYTlNPYmplY3TSGxwiI1xOU0RpY3Rpb25hcnmiIiBfEA9OU0tleWVkQXJjaGl2ZXLRJidUcm9vdIABAAgAEQAaACMALQAyADcAQABGAE0AVQBgAGcAagBsAG4AcQBzAHUAdwCEAI4AuwDAAMgDKAMqAy8DOgNDA1EDVQNcA2UDagN3A3oDjAOPA5QAAAAAAAACAQAAAAAAAAAoAAAAAAAAAAAAAAAAAAADlg==}}

@phdthesis{shushan2015urban,
	Author = {Yossi Shushan},
	Date-Added = {2015-11-30 13:26:41 +0000},
	Date-Modified = {2015-11-30 13:28:00 +0000},
	School = {Tel Aviv University},
	Title = {The Urban Experience as Derives from Spatial Cognition and Networks research},
	Year = {2015},
	Bdsk-File-1 = {YnBsaXN0MDDUAQIDBAUGJCVYJHZlcnNpb25YJG9iamVjdHNZJGFyY2hpdmVyVCR0b3ASAAGGoKgHCBMUFRYaIVUkbnVsbNMJCgsMDxJXTlMua2V5c1pOUy5vYmplY3RzViRjbGFzc6INDoACgAOiEBGABIAFgAdccmVsYXRpdmVQYXRoWWFsaWFzRGF0YV8QJERvY3MvVGhlc2lzQXJjaGlUQVVuaXZfMDAyNTQwODc2LnBkZtIXCxgZV05TLmRhdGFPEQJKAAAAAAJKAAIAAAxNYWNpbnRvc2ggSEQAAAAAAAAAAAAAAAAAAADKQQYMSCsAAAO6P4kfVGhlc2lzQXJjaGlUQVVuaXZfMDAyNTQwODc2LnBkZgAAAAAAAAAAAAAAAAAAAAAAAAAAAAAAAAAAAAAAAAAAA7pSxdKCDQEAAAAAAAAAAAABAAMAAAkgAAAAAAAAAAAAAAAAAAAABERvY3MAEAAIAADKQOnsAAAAEQAIAADSgf7xAAAAAQAgA7o/iQO6P2cDsb35AKmYegCQwikABQIVAAUCFAAAvuwAAgCFTWFjaW50b3NoIEhEOlVzZXJzOgBKdXN0ZToARG9jdW1lbnRzOgBDb21wbGV4U3lzdGVtczoAQmlibGlvOgBEb21haW5TcGVjaWZpYzoAU3BhdGlhbENvZ25pdGlvbjoARG9jczoAVGhlc2lzQXJjaGlUQVVuaXZfMDAyNTQwODc2LnBkZgAADgBAAB8AVABoAGUAcwBpAHMAQQByAGMAaABpAFQAQQBVAG4AaQB2AF8AMAAwADIANQA0ADAAOAA3ADYALgBwAGQAZgAPABoADABNAGEAYwBpAG4AdABvAHMAaAAgAEgARAASAHBVc2Vycy9KdXN0ZS9Eb2N1bWVudHMvQ29tcGxleFN5c3RlbXMvQmlibGlvL0RvbWFpblNwZWNpZmljL1NwYXRpYWxDb2duaXRpb24vRG9jcy9UaGVzaXNBcmNoaVRBVW5pdl8wMDI1NDA4NzYucGRmABMAAS8AABUAAgAM//8AAIAG0hscHR5aJGNsYXNzbmFtZVgkY2xhc3Nlc11OU011dGFibGVEYXRhox0fIFZOU0RhdGFYTlNPYmplY3TSGxwiI1xOU0RpY3Rpb25hcnmiIiBfEA9OU0tleWVkQXJjaGl2ZXLRJidUcm9vdIABAAgAEQAaACMALQAyADcAQABGAE0AVQBgAGcAagBsAG4AcQBzAHUAdwCEAI4AtQC6AMIDEAMSAxcDIgMrAzkDPQNEA00DUgNfA2IDdAN3A3wAAAAAAAACAQAAAAAAAAAoAAAAAAAAAAAAAAAAAAADfg==}}

@book{portugali1996construction,
	Author = {Portugali, Juval},
	Date-Added = {2015-11-30 12:55:22 +0000},
	Date-Modified = {2015-11-30 12:55:22 +0000},
	Publisher = {Springer Science \& Business Media},
	Title = {The construction of cognitive maps},
	Volume = {32},
	Year = {1996},
	Bdsk-File-1 = {YnBsaXN0MDDUAQIDBAUGJCVYJHZlcnNpb25YJG9iamVjdHNZJGFyY2hpdmVyVCR0b3ASAAGGoKgHCBMUFRYaIVUkbnVsbNMJCgsMDxJXTlMua2V5c1pOUy5vYmplY3RzViRjbGFzc6INDoACgAOiEBGABIAFgAdccmVsYXRpdmVQYXRoWWFsaWFzRGF0YV8Qj0RvY3MvKEdlb0pvdXJuYWwgTGlicmFyeSAzMikgSnV2YWwgUG9ydHVnYWxpIChhdXRoLiksIEp1dmFsIFBvcnR1Z2FsaSAoZWRzLiktVGhlIENvbnN0cnVjdGlvbiBvZiBDb2duaXRpdmUgTWFwcy1TcHJpbmdlciBOZXRoZXJsYW5kcyAoMTk5NikucGRm0hcLGBlXTlMuZGF0YU8RA4wAAAAAA4wAAgAADE1hY2ludG9zaCBIRAAAAAAAAAAAAAAAAAAAAMpBBgxIKwAAA7o/iR8oR2VvSm91cm5hbCBMaWJyYXJ5IzNCQTQxRkIucGRmAAAAAAAAAAAAAAAAAAAAAAAAAAAAAAAAAAAAAAAAAAADukH70oIFngAAAAAAAAAAAAEAAwAACSAAAAAAAAAAAAAAAAAAAAAERG9jcwAQAAgAAMpA6ewAAAARAAgAANKB944AAAABACADuj+JA7o/ZwOxvfkAqZh6AJDCKQAFAhUABQIUAAC+7AACAIVNYWNpbnRvc2ggSEQ6VXNlcnM6AEp1c3RlOgBEb2N1bWVudHM6AENvbXBsZXhTeXN0ZW1zOgBCaWJsaW86AERvbWFpblNwZWNpZmljOgBTcGF0aWFsQ29nbml0aW9uOgBEb2NzOgAoR2VvSm91cm5hbCBMaWJyYXJ5IzNCQTQxRkIucGRmAAAOARYAigAoAEcAZQBvAEoAbwB1AHIAbgBhAGwAIABMAGkAYgByAGEAcgB5ACAAMwAyACkAIABKAHUAdgBhAGwAIABQAG8AcgB0AHUAZwBhAGwAaQAgACgAYQB1AHQAaAAuACkALAAgAEoAdQB2AGEAbAAgAFAAbwByAHQAdQBnAGEAbABpACAAKABlAGQAcwAuACkALQBUAGgAZQAgAEMAbwBuAHMAdAByAHUAYwB0AGkAbwBuACAAbwBmACAAQwBvAGcAbgBpAHQAaQB2AGUAIABNAGEAcABzAC0AUwBwAHIAaQBuAGcAZQByACAATgBlAHQAaABlAHIAbABhAG4AZABzACAAKAAxADkAOQA2ACkALgBwAGQAZgAPABoADABNAGEAYwBpAG4AdABvAHMAaAAgAEgARAASANtVc2Vycy9KdXN0ZS9Eb2N1bWVudHMvQ29tcGxleFN5c3RlbXMvQmlibGlvL0RvbWFpblNwZWNpZmljL1NwYXRpYWxDb2duaXRpb24vRG9jcy8oR2VvSm91cm5hbCBMaWJyYXJ5IDMyKSBKdXZhbCBQb3J0dWdhbGkgKGF1dGguKSwgSnV2YWwgUG9ydHVnYWxpIChlZHMuKS1UaGUgQ29uc3RydWN0aW9uIG9mIENvZ25pdGl2ZSBNYXBzLVNwcmluZ2VyIE5ldGhlcmxhbmRzICgxOTk2KS5wZGYAABMAAS8AABUAAgAM//8AAIAG0hscHR5aJGNsYXNzbmFtZVgkY2xhc3Nlc11OU011dGFibGVEYXRhox0fIFZOU0RhdGFYTlNPYmplY3TSGxwiI1xOU0RpY3Rpb25hcnmiIiBfEA9OU0tleWVkQXJjaGl2ZXLRJidUcm9vdIABAAgAEQAaACMALQAyADcAQABGAE0AVQBgAGcAagBsAG4AcQBzAHUAdwCEAI4BIAElAS0EvQS/BMQEzwTYBOYE6gTxBPoE/wUMBQ8FIQUkBSkAAAAAAAACAQAAAAAAAAAoAAAAAAAAAAAAAAAAAAAFKw==}}

@article{RB06,
	Author = {Ramadier T. and Bronner A-C.},
	Date-Added = {2015-11-30 12:49:05 +0000},
	Date-Modified = {2015-11-30 12:49:05 +0000},
	Journal = {Environment and Planning B: Planning and Design},
	Number = {33},
	Pages = {285-299},
	Reading = {A},
	Title = {Knowledge of the environment and spatial cognition: jrs as a technique for improving comparisons between social groups},
	Usage = {GSB},
	Year = {2006},
	Bdsk-File-1 = {YnBsaXN0MDDUAQIDBAUGJCVYJHZlcnNpb25YJG9iamVjdHNZJGFyY2hpdmVyVCR0b3ASAAGGoKgHCBMUFRYaIVUkbnVsbNMJCgsMDxJXTlMua2V5c1pOUy5vYmplY3RzViRjbGFzc6INDoACgAOiEBGABIAFgAdccmVsYXRpdmVQYXRoWWFsaWFzRGF0YV8QNi4uLy4uL0VudnBsYW4vQi9Wb2x1bWUzM18yMDA2L0tub3dsZWRnZV9vZl90aGVfZW52LnBkZtIXCxgZV05TLmRhdGFPEQIeAAAAAAIeAAIAAAxNYWNpbnRvc2ggSEQAAAAAAAAAAAAAAAAAAADKQQYMSCsAAADQ4UYYS25vd2xlZGdlX29mX3RoZV9lbnYucGRmAAAAAAAAAAAAAAAAAAAAAAAAAAAAAAAAAAAAAAAAAAAAAAAAAAAAANDosM2tl+kAAAAAAAAAAAACAAQAAAkgAAAAAAAAAAAAAAAAAAAADVZvbHVtZTMzXzIwMDYAABAACAAAykDp7AAAABEACAAAza17yQAAAAEAIADQ4UYA0OEEANDhAwCpmHoAkMIpAAUCFQAFAhQAAL7sAAIAcU1hY2ludG9zaCBIRDpVc2VyczoASnVzdGU6AERvY3VtZW50czoAQ29tcGxleFN5c3RlbXM6AEJpYmxpbzoARW52cGxhbjoAQjoAVm9sdW1lMzNfMjAwNjoAS25vd2xlZGdlX29mX3RoZV9lbnYucGRmAAAOADIAGABLAG4AbwB3AGwAZQBkAGcAZQBfAG8AZgBfAHQAaABlAF8AZQBuAHYALgBwAGQAZgAPABoADABNAGEAYwBpAG4AdABvAHMAaAAgAEgARAASAFxVc2Vycy9KdXN0ZS9Eb2N1bWVudHMvQ29tcGxleFN5c3RlbXMvQmlibGlvL0VudnBsYW4vQi9Wb2x1bWUzM18yMDA2L0tub3dsZWRnZV9vZl90aGVfZW52LnBkZgATAAEvAAAVAAIADP//AACABtIbHB0eWiRjbGFzc25hbWVYJGNsYXNzZXNdTlNNdXRhYmxlRGF0YaMdHyBWTlNEYXRhWE5TT2JqZWN00hscIiNcTlNEaWN0aW9uYXJ5oiIgXxAPTlNLZXllZEFyY2hpdmVy0SYnVHJvb3SAAQAIABEAGgAjAC0AMgA3AEAARgBNAFUAYABnAGoAbABuAHEAcwB1AHcAhACOAMcAzADUAvYC+AL9AwgDEQMfAyMDKgMzAzgDRQNIA1oDXQNiAAAAAAAAAgEAAAAAAAAAKAAAAAAAAAAAAAAAAAAAA2Q=}}
