

@article{jamali2017copyright,
  title={Copyright compliance and infringement in ResearchGate full-text journal articles},
  author={Jamali, Hamid R},
  journal={Scientometrics},
  volume={112},
  number={1},
  pages={241--254},
  year={2017},
  publisher={Springer},
  file={Docs/jamali2017.pdf}
}



@ARTICLE{2015arXiv151205057K,
   author = {{Krishna Enduri}, M. and {Vinod Reddy}, I. and {Jolad}, S.},
    title = "{Does diversity of papers affect their citations? Evidence from American Physical Society Journals}",
  journal = {ArXiv e-prints},
archivePrefix = "arXiv",
   eprint = {1512.05057},
 primaryClass = "cs.DL",
 keywords = {Computer Science - Digital Libraries, Computer Science - Social and Information Networks, Physics - Physics and Society},
     year = 2015,
    month = dec,
   adsurl = {http://adsabs.harvard.edu/abs/2015arXiv151205057K},
  adsnote = {Provided by the SAO/NASA Astrophysics Data System},
  file={Docs/1512.05057.pdf}
}




@phdthesis{maisonobe2015etudier,
  title={{\'E}tudier la g{\'e}ographie des activit{\'e}s et des collectifs scientifiques dans le monde: de la croissance du syst{\`e}me de production contemporain aux dynamiques d'une sp{\'e}cialit{\'e}, la r{\'e}paration de l'ADN},
  author={Maisonobe, Marion},
  year={2015},
  school={Universit{\'e} Toulouse le Mirail-Toulouse II},
  file={Docs/Maisonobe_Marion.pdf}
}


