



@article{queno2018forecasting,
  title={Forecasting and modelling ice layer formation on the snowpack due to freezing precipitation in the Pyrenees},
  author={Qu{\'e}no, Louis and Vionnet, Vincent and Cabot, Fr{\'e}d{\'e}ric and Vr{\'e}court, Dominique and Dombrowski-Etchevers, Ingrid},
  journal={Cold Regions Science and Technology},
  volume={146},
  pages={19--31},
  year={2018},
  publisher={Elsevier},
  file={Docs/1-s2.0-S0165232X1730054X-main.pdf}
}

