

@article{hernandez2018undecidability,
  title={Undecidability and irreducibility conditions for open-ended evolution and emergence},
  author={Hern{\'a}ndez-Orozco, Santiago and Hern{\'a}ndez-Quiroz, Francisco and Zenil, Hector},
  journal={Artificial life},
  volume={24},
  number={1},
  pages={56--70},
  year={2018},
  publisher={MIT Press},
  file={Docs/hernndezorozco2018.pdf}
}

