







@ARTICLE{2018arXiv180500400B,
   author = {{Brinckman}, A. and {Chard}, K. and {Gaffney}, N. and {Hategan}, M. and 
	{Jones}, M.~B. and {Kowalik}, K. and {Kulasekaran}, S. and {Lud{\"a}scher}, B. and 
	{Mecum}, B.~D. and {Nabrzyski}, J. and {Stodden}, V. and {Taylor}, I.~J. and 
	{Turk}, M.~J. and {Turner}, K.},
    title = "{Computing Environments for Reproducibility: Capturing the ``Whole Tale''}",
  journal = {ArXiv e-prints},
archivePrefix = "arXiv",
   eprint = {1805.00400},
 primaryClass = "cs.CY",
 keywords = {Computer Science - Computers and Society},
     year = 2018,
    month = may,
   adsurl = {http://adsabs.harvard.edu/abs/2018arXiv180500400B},
  adsnote = {Provided by the SAO/NASA Astrophysics Data System},
  file={Docs/1805.00400.pdf}
}





@article{shiffrin2018scientific,
	  title={Scientific progress despite irreproducibility: A seeming paradox},
	    author={Shiffrin, Richard M and B{\"o}rner, Katy and Stigler, Stephen M},
	      journal={Proceedings of the National Academy of Sciences},
	        volume={115},
		  number={11},
		    pages={2632--2639},
		      year={2018},
		        publisher={National Acad Sciences},
			file={Docs/2632.full.pdf}
}




@article{fanelli2018opinion,
	  title={Opinion: Is science really facing a reproducibility crisis, and do we need it to?},
	    author={Fanelli, Daniele},
	      journal={Proceedings of the National Academy of Sciences},
	        volume={115},
		  number={11},
		    pages={2628--2631},
		      year={2018},
		        publisher={National Acad Sciences},
			file={Docs/2628.full.pdf}
}



@article{boutron2018misrepresentation,
	  title={Misrepresentation and distortion of research in biomedical literature},
	    author={Boutron, Isabelle and Ravaud, Philippe},
	      journal={Proceedings of the National Academy of Sciences},
	        volume={115},
		  number={11},
		    pages={2613--2619},
		      year={2018},
		        publisher={National Acad Sciences},
			file={Docs/2613.full.pdf}
}




@article{stodden2018empirical,
	  title={An empirical analysis of journal policy effectiveness for computational reproducibility},
	    author={Stodden, Victoria and Seiler, Jennifer and Ma, Zhaokun},
	      journal={Proceedings of the National Academy of Sciences},
	        volume={115},
		  number={11},
		    pages={2584--2589},
		      year={2018},
		        publisher={National Acad Sciences},
			file={Docs/2584.full.pdf}
}



