


@article{shakespeare2018unconditioned,
	Author = {Shakespeare, Steven},
	Journal = {Palgrave Communications},
	Number = {1},
	Pages = {118},
	Title = {The unconditioned in philosophy of religion},
	Volume = {4},
	Year = {2018}
	file={Docs/s41599-018-0172-y.pdf}
}


