

@article{raynes2018sign,
	  title={Sign of selection on mutation rate modifiers depends on population size},
	    author={Raynes, Yevgeniy and Wylie, C Scott and Sniegowski, Paul D and Weinreich, Daniel M},
	      journal={Proceedings of the National Academy of Sciences},
	        volume={115},
		  number={13},
		    pages={3422--3427},
		      year={2018},
		        publisher={National Acad Sciences},
			file={Docs/3422.full.pdf}
}



