

@article{harrison2013configuring,
  title={Configuring the new ‘regional world’: on being caught between territory and networks},
  author={Harrison, John},
  journal={Regional Studies},
  volume={47},
  number={1},
  pages={55--74},
  year={2013},
  publisher={Taylor \& Francis},
  file={Docs/Configuring_the_New_Regional_World_On_being_Caught_between_Territory_and_Networks.pdf}
}

