

@ARTICLE{2018arXiv181008764B,
   author = {{Barthelemy}, M.},
    title = "{Transitions in spatial networks}",
  journal = {ArXiv e-prints},
archivePrefix = "arXiv",
   eprint = {1810.08764},
 primaryClass = "cond-mat.stat-mech",
 keywords = {Condensed Matter - Statistical Mechanics, Condensed Matter - Disordered Systems and Neural Networks, Physics - Physics and Society},
     year = 2018,
    month = oct,
   adsurl = {http://adsabs.harvard.edu/abs/2018arXiv181008764B},
  adsnote = {Provided by the SAO/NASA Astrophysics Data System},
  file={Docs/1810.08764.pdf}
}

