
@article{saldi2017topology,
  title={A topology for Team Policies and Existence of Optimal Team Policies in Stochastic Team Theory},
  author={Sald{\i}, Naci},
  journal={arXiv preprint arXiv:1711.00639},
  year={2017},
  file={Docs/1711.00639.pdf}
}


