%% This BibTeX bibliography file was created using BibDesk.
%% http://bibdesk.sourceforge.net/


%% Created for Juste Raimbault at 2016-03-14 19:15:33 +0100 


%% Saved with string encoding Occidental (ISO Latin 1) 



@article{wang2015predictability,
	Author = {Wang, Jingyuan and Mao, Yu and Li, Jing and Xiong, Zhang and Wang, Wen-Xu},
	Date-Added = {2016-03-14 18:15:19 +0000},
	Date-Modified = {2016-03-14 18:15:19 +0000},
	Journal = {PloS one},
	Number = {4},
	Publisher = {Public Library of Science},
	Title = {Predictability of road traffic and congestion in urban areas},
	Volume = {10},
	Year = {2015},
	Bdsk-File-1 = {YnBsaXN0MDDUAQIDBAUGJCVYJHZlcnNpb25YJG9iamVjdHNZJGFyY2hpdmVyVCR0b3ASAAGGoKgHCBMUFRYaIVUkbnVsbNMJCgsMDxJXTlMua2V5c1pOUy5vYmplY3RzViRjbGFzc6INDoACgAOiEBGABIAFgAdccmVsYXRpdmVQYXRoWWFsaWFzRGF0YV8QFERvY3MvMTQwNy4xODcxdjEucGRm0hcLGBlXTlMuZGF0YU8RAhQAAAAAAhQAAgAADE1hY2ludG9zaCBIRAAAAAAAAAAAAAAAAAAAAMpBBgxIKwAABCe+IQ8xNDA3LjE4NzF2MS5wZGYAAAAAAAAAAAAAAAAAAAAAAAAAAAAAAAAAAAAAAAAAAAAAAAAAAAAAAAAAAAAAAAAB1qsrz+mTgAAAAAAAAAAAAAEAAwAACSAAAAAAAAAAAAAAAAAAAAAERG9jcwAQAAgAAMpA6ewAAAARAAgAAM/pd2AAAAABACAEJ74hBCe+IAOxvfkAqZh6AJDCKQAFAhUABQIUAAC+7AACAHpNYWNpbnRvc2ggSEQ6VXNlcnM6AEp1c3RlOgBEb2N1bWVudHM6AENvbXBsZXhTeXN0ZW1zOgBCaWJsaW86AERvbWFpblNwZWNpZmljOgBUcmFuc3BvcnRhdGlvblNjaWVuY2U6AERvY3M6ADE0MDcuMTg3MXYxLnBkZgAOACAADwAxADQAMAA3AC4AMQA4ADcAMQB2ADEALgBwAGQAZgAPABoADABNAGEAYwBpAG4AdABvAHMAaAAgAEgARAASAGVVc2Vycy9KdXN0ZS9Eb2N1bWVudHMvQ29tcGxleFN5c3RlbXMvQmlibGlvL0RvbWFpblNwZWNpZmljL1RyYW5zcG9ydGF0aW9uU2NpZW5jZS9Eb2NzLzE0MDcuMTg3MXYxLnBkZgAAEwABLwAAFQACAAz//wAAgAbSGxwdHlokY2xhc3NuYW1lWCRjbGFzc2VzXU5TTXV0YWJsZURhdGGjHR8gVk5TRGF0YVhOU09iamVjdNIbHCIjXE5TRGljdGlvbmFyeaIiIF8QD05TS2V5ZWRBcmNoaXZlctEmJ1Ryb290gAEACAARABoAIwAtADIANwBAAEYATQBVAGAAZwBqAGwAbgBxAHMAdQB3AIQAjgClAKoAsgLKAswC0QLcAuUC8wL3Av4DBwMMAxkDHAMuAzEDNgAAAAAAAAIBAAAAAAAAACgAAAAAAAAAAAAAAAAAAAM4}}

@article{zhang2014universal,
	Author = {Zhang, Jun and Mehner, Wolfgang and Holl, Stefan and Boltes, Maik and Andresen, Erik and Schadschneider, Andreas and Seyfried, Armin},
	Date-Added = {2016-03-14 18:11:46 +0000},
	Date-Modified = {2016-03-14 18:11:46 +0000},
	Journal = {Physics Letters A},
	Number = {44},
	Pages = {3274--3277},
	Publisher = {Elsevier},
	Title = {Universal flow-density relation of single-file bicycle, pedestrian and car motion},
	Volume = {378},
	Year = {2014},
	Bdsk-File-1 = {YnBsaXN0MDDUAQIDBAUGJCVYJHZlcnNpb25YJG9iamVjdHNZJGFyY2hpdmVyVCR0b3ASAAGGoKgHCBMUFRYaIVUkbnVsbNMJCgsMDxJXTlMua2V5c1pOUy5vYmplY3RzViRjbGFzc6INDoACgAOiEBGABIAFgAdccmVsYXRpdmVQYXRoWWFsaWFzRGF0YV8QFERvY3MvMTMxMi4yNzM1djEucGRm0hcLGBlXTlMuZGF0YU8RAhQAAAAAAhQAAgAADE1hY2ludG9zaCBIRAAAAAAAAAAAAAAAAAAAAMpBBgxIKwAABCe+IQ8xMzEyLjI3MzV2MS5wZGYAAAAAAAAAAAAAAAAAAAAAAAAAAAAAAAAAAAAAAAAAAAAAAAAAAAAAAAAAAAAAAAABT3CuztIdkgAAAAAAAAAAAAEAAwAACSAAAAAAAAAAAAAAAAAAAAAERG9jcwAQAAgAAMpA6ewAAAARAAgAAM7SD4IAAAABACAEJ74hBCe+IAOxvfkAqZh6AJDCKQAFAhUABQIUAAC+7AACAHpNYWNpbnRvc2ggSEQ6VXNlcnM6AEp1c3RlOgBEb2N1bWVudHM6AENvbXBsZXhTeXN0ZW1zOgBCaWJsaW86AERvbWFpblNwZWNpZmljOgBUcmFuc3BvcnRhdGlvblNjaWVuY2U6AERvY3M6ADEzMTIuMjczNXYxLnBkZgAOACAADwAxADMAMQAyAC4AMgA3ADMANQB2ADEALgBwAGQAZgAPABoADABNAGEAYwBpAG4AdABvAHMAaAAgAEgARAASAGVVc2Vycy9KdXN0ZS9Eb2N1bWVudHMvQ29tcGxleFN5c3RlbXMvQmlibGlvL0RvbWFpblNwZWNpZmljL1RyYW5zcG9ydGF0aW9uU2NpZW5jZS9Eb2NzLzEzMTIuMjczNXYxLnBkZgAAEwABLwAAFQACAAz//wAAgAbSGxwdHlokY2xhc3NuYW1lWCRjbGFzc2VzXU5TTXV0YWJsZURhdGGjHR8gVk5TRGF0YVhOU09iamVjdNIbHCIjXE5TRGljdGlvbmFyeaIiIF8QD05TS2V5ZWRBcmNoaXZlctEmJ1Ryb290gAEACAARABoAIwAtADIANwBAAEYATQBVAGAAZwBqAGwAbgBxAHMAdQB3AIQAjgClAKoAsgLKAswC0QLcAuUC8wL3Av4DBwMMAxkDHAMuAzEDNgAAAAAAAAIBAAAAAAAAACgAAAAAAAAAAAAAAAAAAAM4}}

@article{placzek2014self,
	Author = {P{\l}aczek, Bart{\l}omiej},
	Date-Added = {2016-03-14 17:23:40 +0000},
	Date-Modified = {2016-03-14 17:23:40 +0000},
	Journal = {Engineering Applications of Artificial Intelligence},
	Pages = {75--84},
	Publisher = {Elsevier},
	Title = {A self-organizing system for urban traffic control based on predictive interval microscopic model},
	Volume = {34},
	Year = {2014},
	Bdsk-File-1 = {YnBsaXN0MDDUAQIDBAUGJCVYJHZlcnNpb25YJG9iamVjdHNZJGFyY2hpdmVyVCR0b3ASAAGGoKgHCBMUFRYaIVUkbnVsbNMJCgsMDxJXTlMua2V5c1pOUy5vYmplY3RzViRjbGFzc6INDoACgAOiEBGABIAFgAdccmVsYXRpdmVQYXRoWWFsaWFzRGF0YV8QJkRvY3MvMS1zMi4wLVMwOTUyMTk3NjE0MDAxMDJYLW1haW4ucGRm0hcLGBlXTlMuZGF0YU8RAloAAAAAAloAAgAADE1hY2ludG9zaCBIRAAAAAAAAAAAAAAAAAAAAMpBBgxIKwAABCe+IR8xLXMyLjAtUzA5NTIxOTc2MTQwIzFCQ0FGRDcucGRmAAAAAAAAAAAAAAAAAAAAAAAAAAAAAAAAAAAAAAAAAAABvK/Xz744dgAAAAAAAAAAAAEAAwAACSAAAAAAAAAAAAAAAAAAAAAERG9jcwAQAAgAAMpA6ewAAAARAAgAAM++HFYAAAABACAEJ74hBCe+IAOxvfkAqZh6AJDCKQAFAhUABQIUAAC+7AACAIpNYWNpbnRvc2ggSEQ6VXNlcnM6AEp1c3RlOgBEb2N1bWVudHM6AENvbXBsZXhTeXN0ZW1zOgBCaWJsaW86AERvbWFpblNwZWNpZmljOgBUcmFuc3BvcnRhdGlvblNjaWVuY2U6AERvY3M6ADEtczIuMC1TMDk1MjE5NzYxNDAjMUJDQUZENy5wZGYADgBEACEAMQAtAHMAMgAuADAALQBTADAAOQA1ADIAMQA5ADcANgAxADQAMAAwADEAMAAyAFgALQBtAGEAaQBuAC4AcABkAGYADwAaAAwATQBhAGMAaQBuAHQAbwBzAGgAIABIAEQAEgB3VXNlcnMvSnVzdGUvRG9jdW1lbnRzL0NvbXBsZXhTeXN0ZW1zL0JpYmxpby9Eb21haW5TcGVjaWZpYy9UcmFuc3BvcnRhdGlvblNjaWVuY2UvRG9jcy8xLXMyLjAtUzA5NTIxOTc2MTQwMDEwMlgtbWFpbi5wZGYAABMAAS8AABUAAgAM//8AAIAG0hscHR5aJGNsYXNzbmFtZVgkY2xhc3Nlc11OU011dGFibGVEYXRhox0fIFZOU0RhdGFYTlNPYmplY3TSGxwiI1xOU0RpY3Rpb25hcnmiIiBfEA9OU0tleWVkQXJjaGl2ZXLRJidUcm9vdIABAAgAEQAaACMALQAyADcAQABGAE0AVQBgAGcAagBsAG4AcQBzAHUAdwCEAI4AtwC8AMQDIgMkAykDNAM9A0sDTwNWA18DZANxA3QDhgOJA44AAAAAAAACAQAAAAAAAAAoAAAAAAAAAAAAAAAAAAADkA==}}

@book{chraibi2015traffic,
	Author = {Chraibi, Mohcine and Boltes, Maik and Schadschneider, Andreas and Seyfried, Armin},
	Date-Added = {2016-03-14 17:15:52 +0000},
	Date-Modified = {2016-03-14 17:15:52 +0000},
	Publisher = {Springer},
	Title = {Traffic and Granular Flow'13},
	Year = {2015},
	Bdsk-File-1 = {YnBsaXN0MDDUAQIDBAUGJCVYJHZlcnNpb25YJG9iamVjdHNZJGFyY2hpdmVyVCR0b3ASAAGGoKgHCBMUFRYaIVUkbnVsbNMJCgsMDxJXTlMua2V5c1pOUy5vYmplY3RzViRjbGFzc6INDoACgAOiEBGABIAFgAdccmVsYXRpdmVQYXRoWWFsaWFzRGF0YV8QgURvY3MvW2RvaSAxMC4xMDA3JTJGOTc4LTMtMzE5LTEwNjI5LThdIE0uIENocmFpYmk7IE0uIEJvbHRlczsgQS4gU2NoYWRzY2huZWlkZXI7IEEuIFNleWZyaWVkIC0tIFRyYWZmaWMgYW5kIEdyYW51bGFyIEZsb3cgJzEzLnBkZtIXCxgZV05TLmRhdGFPEQNqAAAAAANqAAIAAAxNYWNpbnRvc2ggSEQAAAAAAAAAAAAAAAAAAADKQQYMSCsAAAQnviEfW2RvaSAxMC4xMDA3JTJGOTc4LSMyMUJDOEUwLnBkZgAAAAAAAAAAAAAAAAAAAAAAAAAAAAAAAAAAAAAAAAAAAhvI4ND2v0wAAAAAAAAAAAABAAMAAAkgAAAAAAAAAAAAAAAAAAAABERvY3MAEAAIAADKQOnsAAAAEQAIAADQ9rE8AAAAAQAgBCe+IQQnviADsb35AKmYegCQwikABQIVAAUCFAAAvuwAAgCKTWFjaW50b3NoIEhEOlVzZXJzOgBKdXN0ZToARG9jdW1lbnRzOgBDb21wbGV4U3lzdGVtczoAQmlibGlvOgBEb21haW5TcGVjaWZpYzoAVHJhbnNwb3J0YXRpb25TY2llbmNlOgBEb2NzOgBbZG9pIDEwLjEwMDclMkY5NzgtIzIxQkM4RTAucGRmAA4A+gB8AFsAZABvAGkAIAAxADAALgAxADAAMAA3ACUAMgBGADkANwA4AC0AMwAtADMAMQA5AC0AMQAwADYAMgA5AC0AOABdACAATQAuACAAQwBoAHIAYQBpAGIAaQA7ACAATQAuACAAQgBvAGwAdABlAHMAOwAgAEEALgAgAFMAYwBoAGEAZABzAGMAaABuAGUAaQBkAGUAcgA7ACAAQQAuACAAUwBlAHkAZgByAGkAZQBkACAALQAtACAAVAByAGEAZgBmAGkAYwAgAGEAbgBkACAARwByAGEAbgB1AGwAYQByACAARgBsAG8AdwAgACcAMQAzAC4AcABkAGYADwAaAAwATQBhAGMAaQBuAHQAbwBzAGgAIABIAEQAEgDSVXNlcnMvSnVzdGUvRG9jdW1lbnRzL0NvbXBsZXhTeXN0ZW1zL0JpYmxpby9Eb21haW5TcGVjaWZpYy9UcmFuc3BvcnRhdGlvblNjaWVuY2UvRG9jcy9bZG9pIDEwLjEwMDclMkY5NzgtMy0zMTktMTA2MjktOF0gTS4gQ2hyYWliaTsgTS4gQm9sdGVzOyBBLiBTY2hhZHNjaG5laWRlcjsgQS4gU2V5ZnJpZWQgLS0gVHJhZmZpYyBhbmQgR3JhbnVsYXIgRmxvdyAnMTMucGRmABMAAS8AABUAAgAM//8AAIAG0hscHR5aJGNsYXNzbmFtZVgkY2xhc3Nlc11OU011dGFibGVEYXRhox0fIFZOU0RhdGFYTlNPYmplY3TSGxwiI1xOU0RpY3Rpb25hcnmiIiBfEA9OU0tleWVkQXJjaGl2ZXLRJidUcm9vdIABAAgAEQAaACMALQAyADcAQABGAE0AVQBgAGcAagBsAG4AcQBzAHUAdwCEAI4BEgEXAR8EjQSPBJQEnwSoBLYEugTBBMoEzwTcBN8E8QT0BPkAAAAAAAACAQAAAAAAAAAoAAAAAAAAAAAAAAAAAAAE+w==}}

@article{cantarella1995dynamic,
	Author = {Cantarella, Giulio E and Cascetta, Ennio},
	Date-Added = {2016-03-14 14:33:50 +0000},
	Date-Modified = {2016-03-14 14:33:50 +0000},
	Journal = {Transportation Science},
	Number = {4},
	Pages = {305--329},
	Publisher = {INFORMS},
	Title = {Dynamic processes and equilibrium in transportation networks: towards a unifying theory},
	Volume = {29},
	Year = {1995},
	Bdsk-File-1 = {YnBsaXN0MDDUAQIDBAUGJCVYJHZlcnNpb25YJG9iamVjdHNZJGFyY2hpdmVyVCR0b3ASAAGGoKgHCBMUFRYaIVUkbnVsbNMJCgsMDxJXTlMua2V5c1pOUy5vYmplY3RzViRjbGFzc6INDoACgAOiEBGABIAFgAdccmVsYXRpdmVQYXRoWWFsaWFzRGF0YV8QEURvY3MvMjU3Njg3MDAucGRm0hcLGBlXTlMuZGF0YU8RAggAAAAAAggAAgAADE1hY2ludG9zaCBIRAAAAAAAAAAAAAAAAAAAAMpBBgxIKwAABCe+IQwyNTc2ODcwMC5wZGYAAAAAAAAAAAAAAAAAAAAAAAAAAAAAAAAAAAAAAAAAAAAAAAAAAAAAAAAAAAAAAAAAAAACVVVx0TdlaAAAAAAAAAAAAAEAAwAACSAAAAAAAAAAAAAAAAAAAAAERG9jcwAQAAgAAMpA6ewAAAARAAgAANE3V1gAAAABACAEJ74hBCe+IAOxvfkAqZh6AJDCKQAFAhUABQIUAAC+7AACAHdNYWNpbnRvc2ggSEQ6VXNlcnM6AEp1c3RlOgBEb2N1bWVudHM6AENvbXBsZXhTeXN0ZW1zOgBCaWJsaW86AERvbWFpblNwZWNpZmljOgBUcmFuc3BvcnRhdGlvblNjaWVuY2U6AERvY3M6ADI1NzY4NzAwLnBkZgAADgAaAAwAMgA1ADcANgA4ADcAMAAwAC4AcABkAGYADwAaAAwATQBhAGMAaQBuAHQAbwBzAGgAIABIAEQAEgBiVXNlcnMvSnVzdGUvRG9jdW1lbnRzL0NvbXBsZXhTeXN0ZW1zL0JpYmxpby9Eb21haW5TcGVjaWZpYy9UcmFuc3BvcnRhdGlvblNjaWVuY2UvRG9jcy8yNTc2ODcwMC5wZGYAEwABLwAAFQACAAz//wAAgAbSGxwdHlokY2xhc3NuYW1lWCRjbGFzc2VzXU5TTXV0YWJsZURhdGGjHR8gVk5TRGF0YVhOU09iamVjdNIbHCIjXE5TRGljdGlvbmFyeaIiIF8QD05TS2V5ZWRBcmNoaXZlctEmJ1Ryb290gAEACAARABoAIwAtADIANwBAAEYATQBVAGAAZwBqAGwAbgBxAHMAdQB3AIQAjgCiAKcArwK7Ar0CwgLNAtYC5ALoAu8C+AL9AwoDDQMfAyIDJwAAAAAAAAIBAAAAAAAAACgAAAAAAAAAAAAAAAAAAAMp}}

@article{nagurney1997projected,
	Author = {Nagurney, Anna and Zhang, Ding},
	Date-Added = {2016-03-14 14:31:51 +0000},
	Date-Modified = {2016-03-14 14:31:51 +0000},
	Journal = {Transportation Science},
	Number = {2},
	Pages = {147--158},
	Publisher = {INFORMS},
	Title = {Projected dynamical systems in the formulation, stability analysis, and computation of fixed-demand traffic network equilibria},
	Volume = {31},
	Year = {1997},
	Bdsk-File-1 = {YnBsaXN0MDDUAQIDBAUGJCVYJHZlcnNpb25YJG9iamVjdHNZJGFyY2hpdmVyVCR0b3ASAAGGoKgHCBMUFRYaIVUkbnVsbNMJCgsMDxJXTlMua2V5c1pOUy5vYmplY3RzViRjbGFzc6INDoACgAOiEBGABIAFgAdccmVsYXRpdmVQYXRoWWFsaWFzRGF0YV8QEURvY3MvMjU3Njg3NjQucGRm0hcLGBlXTlMuZGF0YU8RAggAAAAAAggAAgAADE1hY2ludG9zaCBIRAAAAAAAAAAAAAAAAAAAAMpBBgxIKwAABCe+IQwyNTc2ODc2NC5wZGYAAAAAAAAAAAAAAAAAAAAAAAAAAAAAAAAAAAAAAAAAAAAAAAAAAAAAAAAAAAAAAAAAAAACVVXm0TdlegAAAAAAAAAAAAEAAwAACSAAAAAAAAAAAAAAAAAAAAAERG9jcwAQAAgAAMpA6ewAAAARAAgAANE3V2oAAAABACAEJ74hBCe+IAOxvfkAqZh6AJDCKQAFAhUABQIUAAC+7AACAHdNYWNpbnRvc2ggSEQ6VXNlcnM6AEp1c3RlOgBEb2N1bWVudHM6AENvbXBsZXhTeXN0ZW1zOgBCaWJsaW86AERvbWFpblNwZWNpZmljOgBUcmFuc3BvcnRhdGlvblNjaWVuY2U6AERvY3M6ADI1NzY4NzY0LnBkZgAADgAaAAwAMgA1ADcANgA4ADcANgA0AC4AcABkAGYADwAaAAwATQBhAGMAaQBuAHQAbwBzAGgAIABIAEQAEgBiVXNlcnMvSnVzdGUvRG9jdW1lbnRzL0NvbXBsZXhTeXN0ZW1zL0JpYmxpby9Eb21haW5TcGVjaWZpYy9UcmFuc3BvcnRhdGlvblNjaWVuY2UvRG9jcy8yNTc2ODc2NC5wZGYAEwABLwAAFQACAAz//wAAgAbSGxwdHlokY2xhc3NuYW1lWCRjbGFzc2VzXU5TTXV0YWJsZURhdGGjHR8gVk5TRGF0YVhOU09iamVjdNIbHCIjXE5TRGljdGlvbmFyeaIiIF8QD05TS2V5ZWRBcmNoaXZlctEmJ1Ryb290gAEACAARABoAIwAtADIANwBAAEYATQBVAGAAZwBqAGwAbgBxAHMAdQB3AIQAjgCiAKcArwK7Ar0CwgLNAtYC5ALoAu8C+AL9AwoDDQMfAyIDJwAAAAAAAAIBAAAAAAAAACgAAAAAAAAAAAAAAAAAAAMp}}

@article{leurent1998sensitivity,
	Author = {Leurent, Fabien},
	Date-Added = {2016-03-14 13:39:07 +0000},
	Date-Modified = {2016-03-14 13:39:07 +0000},
	Journal = {Transportation Research Part B: Methodological},
	Number = {3},
	Pages = {189--204},
	Publisher = {Elsevier},
	Title = {Sensitivity and error analysis of the dual criteria traffic assignment model},
	Volume = {32},
	Year = {1998},
	Bdsk-File-1 = {YnBsaXN0MDDUAQIDBAUGJCVYJHZlcnNpb25YJG9iamVjdHNZJGFyY2hpdmVyVCR0b3ASAAGGoKgHCBMUFRYaIVUkbnVsbNMJCgsMDxJXTlMua2V5c1pOUy5vYmplY3RzViRjbGFzc6INDoACgAOiEBGABIAFgAdccmVsYXRpdmVQYXRoWWFsaWFzRGF0YV8QRURvY3MvRHVhbENyaXRlcmlhVHJhZmZpY0Fzc2lnbmVtZW50XzEtczIuMC1TMDE5MTI2MTU5NzAwMDI0Ni1tYWluLnBkZtIXCxgZV05TLmRhdGFPEQK2AAAAAAK2AAIAAAxNYWNpbnRvc2ggSEQAAAAAAAAAAAAAAAAAAADKQQYMSCsAAAQnviEfRHVhbENyaXRlcmlhVHJhZmZpYyM0MjdDQzNELnBkZgAAAAAAAAAAAAAAAAAAAAAAAAAAAAAAAAAAAAAAAAAABCfMPdMMfWAAAAAAAAAAAAABAAMAAAkgAAAAAAAAAAAAAAAAAAAABERvY3MAEAAIAADKQOnsAAAAEQAIAADTDG9QAAAAAQAgBCe+IQQnviADsb35AKmYegCQwikABQIVAAUCFAAAvuwAAgCKTWFjaW50b3NoIEhEOlVzZXJzOgBKdXN0ZToARG9jdW1lbnRzOgBDb21wbGV4U3lzdGVtczoAQmlibGlvOgBEb21haW5TcGVjaWZpYzoAVHJhbnNwb3J0YXRpb25TY2llbmNlOgBEb2NzOgBEdWFsQ3JpdGVyaWFUcmFmZmljIzQyN0NDM0QucGRmAA4AggBAAEQAdQBhAGwAQwByAGkAdABlAHIAaQBhAFQAcgBhAGYAZgBpAGMAQQBzAHMAaQBnAG4AZQBtAGUAbgB0AF8AMQAtAHMAMgAuADAALQBTADAAMQA5ADEAMgA2ADEANQA5ADcAMAAwADAAMgA0ADYALQBtAGEAaQBuAC4AcABkAGYADwAaAAwATQBhAGMAaQBuAHQAbwBzAGgAIABIAEQAEgCWVXNlcnMvSnVzdGUvRG9jdW1lbnRzL0NvbXBsZXhTeXN0ZW1zL0JpYmxpby9Eb21haW5TcGVjaWZpYy9UcmFuc3BvcnRhdGlvblNjaWVuY2UvRG9jcy9EdWFsQ3JpdGVyaWFUcmFmZmljQXNzaWduZW1lbnRfMS1zMi4wLVMwMTkxMjYxNTk3MDAwMjQ2LW1haW4ucGRmABMAAS8AABUAAgAM//8AAIAG0hscHR5aJGNsYXNzbmFtZVgkY2xhc3Nlc11OU011dGFibGVEYXRhox0fIFZOU0RhdGFYTlNPYmplY3TSGxwiI1xOU0RpY3Rpb25hcnmiIiBfEA9OU0tleWVkQXJjaGl2ZXLRJidUcm9vdIABAAgAEQAaACMALQAyADcAQABGAE0AVQBgAGcAagBsAG4AcQBzAHUAdwCEAI4A1gDbAOMDnQOfA6QDrwO4A8YDygPRA9oD3wPsA+8EAQQEBAkAAAAAAAACAQAAAAAAAAAoAAAAAAAAAAAAAAAAAAAECw==},
	Bdsk-File-2 = {YnBsaXN0MDDUAQIDBAUGJCVYJHZlcnNpb25YJG9iamVjdHNZJGFyY2hpdmVyVCR0b3ASAAGGoKgHCBMUFRYaIVUkbnVsbNMJCgsMDxJXTlMua2V5c1pOUy5vYmplY3RzViRjbGFzc6INDoACgAOiEBGABIAFgAdccmVsYXRpdmVQYXRoWWFsaWFzRGF0YV8QJERvY3MvRHVhbENyaXRlcmlhX0xldXJlbnRfVG5SZXNCLnBkZtIXCxgZV05TLmRhdGFPEQJUAAAAAAJUAAIAAAxNYWNpbnRvc2ggSEQAAAAAAAAAAAAAAAAAAADKQQYMSCsAAAQnviEfRHVhbENyaXRlcmlhX0xldXJlbnRfVG5SZXNCLnBkZgAAAAAAAAAAAAAAAAAAAAAAAAAAAAAAAAAAAAAAAAAAASbBXM585DwAAAAAAAAAAAABAAMAAAkgAAAAAAAAAAAAAAAAAAAABERvY3MAEAAIAADKQOnsAAAAEQAIAADOfMgcAAAAAQAgBCe+IQQnviADsb35AKmYegCQwikABQIVAAUCFAAAvuwAAgCKTWFjaW50b3NoIEhEOlVzZXJzOgBKdXN0ZToARG9jdW1lbnRzOgBDb21wbGV4U3lzdGVtczoAQmlibGlvOgBEb21haW5TcGVjaWZpYzoAVHJhbnNwb3J0YXRpb25TY2llbmNlOgBEb2NzOgBEdWFsQ3JpdGVyaWFfTGV1cmVudF9UblJlc0IucGRmAA4AQAAfAEQAdQBhAGwAQwByAGkAdABlAHIAaQBhAF8ATABlAHUAcgBlAG4AdABfAFQAbgBSAGUAcwBCAC4AcABkAGYADwAaAAwATQBhAGMAaQBuAHQAbwBzAGgAIABIAEQAEgB1VXNlcnMvSnVzdGUvRG9jdW1lbnRzL0NvbXBsZXhTeXN0ZW1zL0JpYmxpby9Eb21haW5TcGVjaWZpYy9UcmFuc3BvcnRhdGlvblNjaWVuY2UvRG9jcy9EdWFsQ3JpdGVyaWFfTGV1cmVudF9UblJlc0IucGRmAAATAAEvAAAVAAIADP//AACABtIbHB0eWiRjbGFzc25hbWVYJGNsYXNzZXNdTlNNdXRhYmxlRGF0YaMdHyBWTlNEYXRhWE5TT2JqZWN00hscIiNcTlNEaWN0aW9uYXJ5oiIgXxAPTlNLZXllZEFyY2hpdmVy0SYnVHJvb3SAAQAIABEAGgAjAC0AMgA3AEAARgBNAFUAYABnAGoAbABuAHEAcwB1AHcAhACOALUAugDCAxoDHAMhAywDNQNDA0cDTgNXA1wDaQNsA34DgQOGAAAAAAAAAgEAAAAAAAAAKAAAAAAAAAAAAAAAAAAAA4g=}}

@article{lammoglia2015some,
	Author = {Lammoglia, Adrien and Josselin, Didier and Marilleau, Nicolas},
	Date-Added = {2016-03-14 13:26:22 +0000},
	Date-Modified = {2016-03-14 13:26:22 +0000},
	Journal = {Cybergeo: European Journal of Geography},
	Publisher = {CNRS-UMR G{\'e}ographie-cit{\'e}s 8504},
	Title = {Some propositions to find optimal conditions to simulate a flexible transport using an Agent-Based Model},
	Year = {2015},
	Bdsk-File-1 = {YnBsaXN0MDDUAQIDBAUGJCVYJHZlcnNpb25YJG9iamVjdHNZJGFyY2hpdmVyVCR0b3ASAAGGoKgHCBMUFRYaIVUkbnVsbNMJCgsMDxJXTlMua2V5c1pOUy5vYmplY3RzViRjbGFzc6INDoACgAOiEBGABIAFgAdccmVsYXRpdmVQYXRoWWFsaWFzRGF0YV8QgERvY3MvY3liZXJnZW8tMjcwNDYtc29tZS1wcm9wb3NpdGlvbnMtdG8tZmluZC1vcHRpbWFsLWNvbmRpdGlvbnMtdG8tc2ltdWxhdGUtYS1mbGV4aWJsZS10cmFuc3BvcnQtdXNpbmctYW4tYWdlbnQtYmFzZWQtbW9kZWwucGRm0hcLGBlXTlMuZGF0YU8RA2gAAAAAA2gAAgAADE1hY2ludG9zaCBIRAAAAAAAAAAAAAAAAAAAAMpBBgxIKwAABCe+IR9jeWJlcmdlby0yNzA0Ni1zb21lIzI5MEY3QTcucGRmAAAAAAAAAAAAAAAAAAAAAAAAAAAAAAAAAAAAAAAAAAACkPen0aRvjQAAAAAAAAAAAAEAAwAACSAAAAAAAAAAAAAAAAAAAAAERG9jcwAQAAgAAMpA6ewAAAARAAgAANGkU20AAAABACAEJ74hBCe+IAOxvfkAqZh6AJDCKQAFAhUABQIUAAC+7AACAIpNYWNpbnRvc2ggSEQ6VXNlcnM6AEp1c3RlOgBEb2N1bWVudHM6AENvbXBsZXhTeXN0ZW1zOgBCaWJsaW86AERvbWFpblNwZWNpZmljOgBUcmFuc3BvcnRhdGlvblNjaWVuY2U6AERvY3M6AGN5YmVyZ2VvLTI3MDQ2LXNvbWUjMjkwRjdBNy5wZGYADgD4AHsAYwB5AGIAZQByAGcAZQBvAC0AMgA3ADAANAA2AC0AcwBvAG0AZQAtAHAAcgBvAHAAbwBzAGkAdABpAG8AbgBzAC0AdABvAC0AZgBpAG4AZAAtAG8AcAB0AGkAbQBhAGwALQBjAG8AbgBkAGkAdABpAG8AbgBzAC0AdABvAC0AcwBpAG0AdQBsAGEAdABlAC0AYQAtAGYAbABlAHgAaQBiAGwAZQAtAHQAcgBhAG4AcwBwAG8AcgB0AC0AdQBzAGkAbgBnAC0AYQBuAC0AYQBnAGUAbgB0AC0AYgBhAHMAZQBkAC0AbQBvAGQAZQBsAC4AcABkAGYADwAaAAwATQBhAGMAaQBuAHQAbwBzAGgAIABIAEQAEgDRVXNlcnMvSnVzdGUvRG9jdW1lbnRzL0NvbXBsZXhTeXN0ZW1zL0JpYmxpby9Eb21haW5TcGVjaWZpYy9UcmFuc3BvcnRhdGlvblNjaWVuY2UvRG9jcy9jeWJlcmdlby0yNzA0Ni1zb21lLXByb3Bvc2l0aW9ucy10by1maW5kLW9wdGltYWwtY29uZGl0aW9ucy10by1zaW11bGF0ZS1hLWZsZXhpYmxlLXRyYW5zcG9ydC11c2luZy1hbi1hZ2VudC1iYXNlZC1tb2RlbC5wZGYAABMAAS8AABUAAgAM//8AAIAG0hscHR5aJGNsYXNzbmFtZVgkY2xhc3Nlc11OU011dGFibGVEYXRhox0fIFZOU0RhdGFYTlNPYmplY3TSGxwiI1xOU0RpY3Rpb25hcnmiIiBfEA9OU0tleWVkQXJjaGl2ZXLRJidUcm9vdIABAAgAEQAaACMALQAyADcAQABGAE0AVQBgAGcAagBsAG4AcQBzAHUAdwCEAI4BEQEWAR4EigSMBJEEnASlBLMEtwS+BMcEzATZBNwE7gTxBPYAAAAAAAACAQAAAAAAAAAoAAAAAAAAAAAAAAAAAAAE+A==}}

@inproceedings{azevedo2015state,
	Author = {Azevedo, Tiago and Rossetti, Rosaldo JF and Barbosa, Jorge G},
	Booktitle = {Models and Technologies for Intelligent Transportation Systems (MT-ITS), 2015 International Conference on},
	Date-Added = {2016-03-14 13:19:35 +0000},
	Date-Modified = {2016-03-14 13:19:35 +0000},
	Organization = {IEEE},
	Pages = {340--347},
	Title = {A state-of-the-art integrated transportation simulation platform},
	Year = {2015},
	Bdsk-File-1 = {YnBsaXN0MDDUAQIDBAUGJCVYJHZlcnNpb25YJG9iamVjdHNZJGFyY2hpdmVyVCR0b3ASAAGGoKgHCBMUFRYaIVUkbnVsbNMJCgsMDxJXTlMua2V5c1pOUy5vYmplY3RzViRjbGFzc6INDoACgAOiEBGABIAFgAdccmVsYXRpdmVQYXRoWWFsaWFzRGF0YV8QFURvY3MvMTYwMS4wODE2MnYxLnBkZtIXCxgZV05TLmRhdGFPEQIYAAAAAAIYAAIAAAxNYWNpbnRvc2ggSEQAAAAAAAAAAAAAAAAAAADKQQYMSCsAAAQnviEQMTYwMS4wODE2MnYxLnBkZgAAAAAAAAAAAAAAAAAAAAAAAAAAAAAAAAAAAAAAAAAAAAAAAAAAAAAAAAAAAAAABAemwdLVFz0AAAAAAAAAAAABAAMAAAkgAAAAAAAAAAAAAAAAAAAABERvY3MAEAAIAADKQOnsAAAAEQAIAADS1QktAAAAAQAgBCe+IQQnviADsb35AKmYegCQwikABQIVAAUCFAAAvuwAAgB7TWFjaW50b3NoIEhEOlVzZXJzOgBKdXN0ZToARG9jdW1lbnRzOgBDb21wbGV4U3lzdGVtczoAQmlibGlvOgBEb21haW5TcGVjaWZpYzoAVHJhbnNwb3J0YXRpb25TY2llbmNlOgBEb2NzOgAxNjAxLjA4MTYydjEucGRmAAAOACIAEAAxADYAMAAxAC4AMAA4ADEANgAyAHYAMQAuAHAAZABmAA8AGgAMAE0AYQBjAGkAbgB0AG8AcwBoACAASABEABIAZlVzZXJzL0p1c3RlL0RvY3VtZW50cy9Db21wbGV4U3lzdGVtcy9CaWJsaW8vRG9tYWluU3BlY2lmaWMvVHJhbnNwb3J0YXRpb25TY2llbmNlL0RvY3MvMTYwMS4wODE2MnYxLnBkZgATAAEvAAAVAAIADP//AACABtIbHB0eWiRjbGFzc25hbWVYJGNsYXNzZXNdTlNNdXRhYmxlRGF0YaMdHyBWTlNEYXRhWE5TT2JqZWN00hscIiNcTlNEaWN0aW9uYXJ5oiIgXxAPTlNLZXllZEFyY2hpdmVy0SYnVHJvb3SAAQAIABEAGgAjAC0AMgA3AEAARgBNAFUAYABnAGoAbABuAHEAcwB1AHcAhACOAKYAqwCzAs8C0QLWAuEC6gL4AvwDAwMMAxEDHgMhAzMDNgM7AAAAAAAAAgEAAAAAAAAAKAAAAAAAAAAAAAAAAAAAAz0=}}

@article{tranouez2012multiagent,
	Author = {Tranouez, Pierrick and Daud{\'e}, Eric and Langlois, Patrice},
	Date-Added = {2016-03-14 13:16:15 +0000},
	Date-Modified = {2016-03-14 13:16:15 +0000},
	Journal = {arXiv preprint arXiv:1201.5472},
	Title = {A multiagent urban traffic simulation},
	Year = {2012},
	Bdsk-File-1 = {YnBsaXN0MDDUAQIDBAUGJCVYJHZlcnNpb25YJG9iamVjdHNZJGFyY2hpdmVyVCR0b3ASAAGGoKgHCBMUFRYaIVUkbnVsbNMJCgsMDxJXTlMua2V5c1pOUy5vYmplY3RzViRjbGFzc6INDoACgAOiEBGABIAFgAdccmVsYXRpdmVQYXRoWWFsaWFzRGF0YV8QEkRvY3MvMTIwMS41NDcyLnBkZtIXCxgZV05TLmRhdGFPEQIMAAAAAAIMAAIAAAxNYWNpbnRvc2ggSEQAAAAAAAAAAAAAAAAAAADKQQYMSCsAAAQnviENMTIwMS41NDcyLnBkZgAAAAAAAAAAAAAAAAAAAAAAAAAAAAAAAAAAAAAAAAAAAAAAAAAAAAAAAAAAAAAAAAAAATyqUM6tmfUAAAAAAAAAAAABAAMAAAkgAAAAAAAAAAAAAAAAAAAABERvY3MAEAAIAADKQOnsAAAAEQAIAADOrYvlAAAAAQAgBCe+IQQnviADsb35AKmYegCQwikABQIVAAUCFAAAvuwAAgB4TWFjaW50b3NoIEhEOlVzZXJzOgBKdXN0ZToARG9jdW1lbnRzOgBDb21wbGV4U3lzdGVtczoAQmlibGlvOgBEb21haW5TcGVjaWZpYzoAVHJhbnNwb3J0YXRpb25TY2llbmNlOgBEb2NzOgAxMjAxLjU0NzIucGRmAA4AHAANADEAMgAwADEALgA1ADQANwAyAC4AcABkAGYADwAaAAwATQBhAGMAaQBuAHQAbwBzAGgAIABIAEQAEgBjVXNlcnMvSnVzdGUvRG9jdW1lbnRzL0NvbXBsZXhTeXN0ZW1zL0JpYmxpby9Eb21haW5TcGVjaWZpYy9UcmFuc3BvcnRhdGlvblNjaWVuY2UvRG9jcy8xMjAxLjU0NzIucGRmAAATAAEvAAAVAAIADP//AACABtIbHB0eWiRjbGFzc25hbWVYJGNsYXNzZXNdTlNNdXRhYmxlRGF0YaMdHyBWTlNEYXRhWE5TT2JqZWN00hscIiNcTlNEaWN0aW9uYXJ5oiIgXxAPTlNLZXllZEFyY2hpdmVy0SYnVHJvb3SAAQAIABEAGgAjAC0AMgA3AEAARgBNAFUAYABnAGoAbABuAHEAcwB1AHcAhACOAKMAqACwAsACwgLHAtIC2wLpAu0C9AL9AwIDDwMSAyQDJwMsAAAAAAAAAgEAAAAAAAAAKAAAAAAAAAAAAAAAAAAAAy4=}}
