



@article{tian2018hardware,
	Author = {Tian, He and Wang, Xue-Feng and Mohammad, Mohammad Ali and Gou, Guang-Yang and Wu, Fan and Yang, Yi and Ren, Tian-Ling},
	Journal = {Nature Communications},
	Number = {1},
	Pages = {4305},
	Title = {A hardware Markov chain algorithm realized in a single device for machine learning},
	Volume = {9},
	Year = {2018},
	file={Docs/s41467-018-06644-w.pdf}
}


