


@article{lindenmayer2018hidden,
  title={Hidden collapse is driven by fire and logging in a socioecological forest ecosystem},
  author={Lindenmayer, David B and Sato, Chloe},
  journal={Proceedings of the National Academy of Sciences},
  pages={201721738},
  year={2018},
  publisher={National Acad Sciences},
  file={Docs/10.1073@pnas.1721738115.pdf}
}




@article{Kwok4800,
	author = {Kwok, Roberta},
	title = {News Feature: Accidental urban oases},
	volume = {115},
	number = {19},
	pages = {4800--4804},
	year = {2018},
	doi = {10.1073/pnas.1806197115},
	publisher = {National Academy of Sciences},
	issn = {0027-8424},
	URL = {http://www.pnas.org/content/115/19/4800},
	eprint = {http://www.pnas.org/content/115/19/4800.full.pdf},
	journal = {Proceedings of the National Academy of Sciences},
	file={Docs/4800.full.pdf}
}





@ARTICLE{2018arXiv180500734L,
	   author = {{Lenormand}, M. and {Luque}, S. and {Langemeyer}, J. and {Tenerelli}, P. and 
		   	{Zulian}, G. and {Aalders}, I. and {Chivulescu}, S. and {Clemente}, P. and 
				{Dick}, J. and {van Dijk}, J. and {van Eupen}, M. and {Giuca}, R.~C. and 
					{Kopperoinen}, L. and {Lellei-Kov{\'a}cs}, E. and {Leone}, M. and 
						{Lieskovsk{\'y}}, J. and {Schirpke}, U. and {Smith}, A.~C. and 
							{Tappeiner}, U. and {Woods}, H.},
	       title = "{Multiscale socio-ecological networks in the age of information}",
	         journal = {ArXiv e-prints},
		 archivePrefix = "arXiv",
		    eprint = {1805.00734},
		     primaryClass = "physics.soc-ph",
		      keywords = {Physics - Physics and Society, Computer Science - Social and Information Networks},
		           year = 2018,
			       month = may,
			          adsurl = {http://adsabs.harvard.edu/abs/2018arXiv180500734L},
				    adsnote = {Provided by the SAO/NASA Astrophysics Data System},
				    file={Docs/1805.00734.pdf}
}




@article{dannemann2018levy,
	  title={L{\'e}vy flight movements prevent extinctions and maximize population abundances in fragile Lotka--Volterra systems},
	    author={Dannemann, Teodoro and Boyer, Denis and Miramontes, Octavio},
	      journal={Proceedings of the National Academy of Sciences},
	        pages={201719889},
		  year={2018},
		    publisher={National Acad Sciences},
		    file={Docs/10.1073@pnas.1719889115.pdf},
		    file2={Docs/1804.00969.pdf}
}


@article{nave2018reforestation,
	  title={Reforestation can sequester two petagrams of carbon in US topsoils in a century},
	    author={Nave, Lucas E and Domke, Grant M and Hofmeister, Kathryn L and Mishra, Umakant and Perry, Charles H and Walters, Brian F and Swanston, Christopher W},
	      journal={Proceedings of the National Academy of Sciences},
	        volume={115},
		  number={11},
		    pages={2776--2781},
		      year={2018},
		        publisher={National Acad Sciences},
			file={Docs/10.1073@pnas.1719685115.pdf}
}

