


@article{muda2018dissolution,
	Author = {Muda, Rafa{\l} and Niszczota, Pawe{\l} and Augustynowicz, Pawe{\l} and Markiewicz, {\L}ukasz},
	Journal = {Scientific Reports},
	Number = {1},
	Pages = {16565},
	Title = {The dissolution of temporal distance increases risk-taking: experimental evidence},
	Volume = {8},
	Year = {2018},
	file={Docs/s41598-018-34780-2.pdf}
}




