

@article{straatman2011open,
  title={Open-ended agent-based economic evolution},
  author={Straatman, Bas and Marceau, Danielle J},
  journal={Advanced Geosimulation Models, DJ Marceau and I. Benenson,(Eds), Bentham Science Publisher},
  pages={126--141},
  year={2011}
}

