
@article{depersin2018global,
	  title={From global scaling to the dynamics of individual cities},
	    author={Depersin, Jules and Barthelemy, Marc},
	      journal={Proceedings of the National Academy of Sciences},
	        volume={115},
		  number={10},
		    pages={2317--2322},
		      year={2018},
		        publisher={National Acad Sciences},
			file={Docs/10.1073@pnas.1718690115.pdf}
}


