

@misc{lambert2015carte,
  title={Une carte a abattre},
  author={Lambert, N},
  year={2015},
  howpublished={https://neocarto.hypotheses.org/1963}
}


