


@article{liu2017distinct,
  title={Distinct ice patterns on solid surfaces with various wettabilities},
  author={Liu, Jie and Zhu, Chongqin and Liu, Kai and Jiang, Ying and Song, Yanlin and Francisco, Joseph S and Zeng, Xiao Cheng and Wang, Jianjun},
  journal={Proceedings of the National Academy of Sciences},
  volume={114},
  number={43},
  pages={11285--11290},
  year={2017},
  publisher={National Acad Sciences},
  file={Docs/10.1073@pnas.1712829114.pdf}
}

