

@article{sci2018finding,
	Author = {Scientific Data},
	Journal = {Scientific Data},
	Month = {11},
	Pages = {180253 EP  -},
	Title = {Finding a sensible approach to sensitive data},
	Volume = {5},
	Year = {2018},
	file={Docs/sdata2018253.pdf}
}



@misc{charpentier2018acheter,
  author={Charpentier, A.},
  title={Acheter un billet de train (pas trop cher)},
  url={https://freakonometrics.hypotheses.org/54007},
  year={2018}
}


