%% This BibTeX bibliography file was created using BibDesk.
%% http://bibdesk.sourceforge.net/


%% Created for Juste Raimbault at 2016-03-14 18:47:10 +0100 


%% Saved with string encoding Occidental (ISO Latin 1) 



@article{mezza2014reflections,
	Author = {Mezza-Garcia, Nathalie and Froese, Tom and Fern{\'a}ndez, Nelson},
	Date-Added = {2016-03-14 17:46:45 +0000},
	Date-Modified = {2016-03-14 17:46:45 +0000},
	Journal = {Journal of Sociocybernetics},
	Number = {1/2},
	Title = {Reflections on the Complexity of Ancient Social Heterarchies: Toward New Models of Social Self-Organization in Pre-Hispanic Colombia},
	Volume = {12},
	Year = {2014},
	Bdsk-File-1 = {YnBsaXN0MDDUAQIDBAUGJCVYJHZlcnNpb25YJG9iamVjdHNZJGFyY2hpdmVyVCR0b3ASAAGGoKgHCBMUFRYaIVUkbnVsbNMJCgsMDxJXTlMua2V5c1pOUy5vYmplY3RzViRjbGFzc6INDoACgAOiEBGABIAFgAdccmVsYXRpdmVQYXRoWWFsaWFzRGF0YV8QFkRvY3MvNzk3LTIxNTUtMS1QQi5wZGbSFwsYGVdOUy5kYXRhTxECBgAAAAACBgACAAAMTWFjaW50b3NoIEhEAAAAAAAAAAAAAAAAAAAAykEGDEgrAAAEKB85ETc5Ny0yMTU1LTEtUEIucGRmAAAAAAAAAAAAAAAAAAAAAAAAAAAAAAAAAAAAAAAAAAAAAAAAAAAAAAAAAAAAAAIUXp3Q22TUAAAAAAAAAAAAAQADAAAJIAAAAAAAAAAAAAAAAAAAAAREb2NzABAACAAAykDp7AAAABEACAAA0NtWxAAAAAEAIAQoHzkEKB83A7G9+QCpmHoAkMIpAAUCFQAFAhQAAL7sAAIAcU1hY2ludG9zaCBIRDpVc2VyczoASnVzdGU6AERvY3VtZW50czoAQ29tcGxleFN5c3RlbXM6AEJpYmxpbzoARG9tYWluU3BlY2lmaWM6AEFyY2hlb2xvZ3k6AERvY3M6ADc5Ny0yMTU1LTEtUEIucGRmAAAOACQAEQA3ADkANwAtADIAMQA1ADUALQAxAC0AUABCAC4AcABkAGYADwAaAAwATQBhAGMAaQBuAHQAbwBzAGgAIABIAEQAEgBcVXNlcnMvSnVzdGUvRG9jdW1lbnRzL0NvbXBsZXhTeXN0ZW1zL0JpYmxpby9Eb21haW5TcGVjaWZpYy9BcmNoZW9sb2d5L0RvY3MvNzk3LTIxNTUtMS1QQi5wZGYAEwABLwAAFQACAAz//wAAgAbSGxwdHlokY2xhc3NuYW1lWCRjbGFzc2VzXU5TTXV0YWJsZURhdGGjHR8gVk5TRGF0YVhOU09iamVjdNIbHCIjXE5TRGljdGlvbmFyeaIiIF8QD05TS2V5ZWRBcmNoaXZlctEmJ1Ryb290gAEACAARABoAIwAtADIANwBAAEYATQBVAGAAZwBqAGwAbgBxAHMAdQB3AIQAjgCnAKwAtAK+AsACxQLQAtkC5wLrAvIC+wMAAw0DEAMiAyUDKgAAAAAAAAIBAAAAAAAAACgAAAAAAAAAAAAAAAAAAAMs}}

@article{davies2014application,
	Author = {Davies, Toby and Fry, Hannah and Wilson, Alan and Palmisano, Alessio and Altaweel, Mark and Radner, Karen},
	Date-Added = {2016-03-14 17:31:31 +0000},
	Date-Modified = {2016-03-14 17:31:31 +0000},
	Journal = {Journal of Archaeological Science},
	Pages = {141--154},
	Publisher = {Elsevier},
	Title = {Application of an entropy maximizing and dynamics model for understanding settlement structure: the Khabur Triangle in the Middle Bronze and Iron Ages},
	Volume = {43},
	Year = {2014},
	Bdsk-File-1 = {YnBsaXN0MDDUAQIDBAUGJCVYJHZlcnNpb25YJG9iamVjdHNZJGFyY2hpdmVyVCR0b3ASAAGGoKgHCBMUFRYaIVUkbnVsbNMJCgsMDxJXTlMua2V5c1pOUy5vYmplY3RzViRjbGFzc6INDoACgAOiEBGABIAFgAdccmVsYXRpdmVQYXRoWWFsaWFzRGF0YV8QJkRvY3MvMS1zMi4wLVMwMzA1NDQwMzEzMDA0NDQ1LW1haW4ucGRm0hcLGBlXTlMuZGF0YU8RAkQAAAAAAkQAAgAADE1hY2ludG9zaCBIRAAAAAAAAAAAAAAAAAAAAMpBBgxIKwAABCgfOR8xLXMyLjAtUzAzMDU0NDAzMTMwIzE1NkU5OTkucGRmAAAAAAAAAAAAAAAAAAAAAAAAAAAAAAAAAAAAAAAAAAABVumZzvDCGwAAAAAAAAAAAAEAAwAACSAAAAAAAAAAAAAAAAAAAAAERG9jcwAQAAgAAMpA6ewAAAARAAgAAM7wtAsAAAABACAEKB85BCgfNwOxvfkAqZh6AJDCKQAFAhUABQIUAAC+7AACAH9NYWNpbnRvc2ggSEQ6VXNlcnM6AEp1c3RlOgBEb2N1bWVudHM6AENvbXBsZXhTeXN0ZW1zOgBCaWJsaW86AERvbWFpblNwZWNpZmljOgBBcmNoZW9sb2d5OgBEb2NzOgAxLXMyLjAtUzAzMDU0NDAzMTMwIzE1NkU5OTkucGRmAAAOAEQAIQAxAC0AcwAyAC4AMAAtAFMAMAAzADAANQA0ADQAMAAzADEAMwAwADAANAA0ADQANQAtAG0AYQBpAG4ALgBwAGQAZgAPABoADABNAGEAYwBpAG4AdABvAHMAaAAgAEgARAASAGxVc2Vycy9KdXN0ZS9Eb2N1bWVudHMvQ29tcGxleFN5c3RlbXMvQmlibGlvL0RvbWFpblNwZWNpZmljL0FyY2hlb2xvZ3kvRG9jcy8xLXMyLjAtUzAzMDU0NDAzMTMwMDQ0NDUtbWFpbi5wZGYAEwABLwAAFQACAAz//wAAgAbSGxwdHlokY2xhc3NuYW1lWCRjbGFzc2VzXU5TTXV0YWJsZURhdGGjHR8gVk5TRGF0YVhOU09iamVjdNIbHCIjXE5TRGljdGlvbmFyeaIiIF8QD05TS2V5ZWRBcmNoaXZlctEmJ1Ryb290gAEACAARABoAIwAtADIANwBAAEYATQBVAGAAZwBqAGwAbgBxAHMAdQB3AIQAjgC3ALwAxAMMAw4DEwMeAycDNQM5A0ADSQNOA1sDXgNwA3MDeAAAAAAAAAIBAAAAAAAAACgAAAAAAAAAAAAAAAAAAAN6}}
