


@article{winder2000modelling,
  title={Modelling within a thermodynamic framework: a footnote to Sanders (1999)},
  author={Winder, Nick},
  journal={Cybergeo: European Journal of Geography},
  year={2000},
  publisher={CNRS-UMR G{\'e}ographie-cit{\'e}s 8504}
}



@ARTICLE{2017arXiv170906562C,
   author = {{Campos Quemada}, J.},
    title = "{The epistemological status of Astrobiology: a problematic case of integration of scientific disciplines}",
  journal = {ArXiv e-prints},
archivePrefix = "arXiv",
   eprint = {1709.06562},
 primaryClass = "astro-ph.IM",
 keywords = {Astrophysics - Instrumentation and Methods for Astrophysics, Quantitative Biology - Other Quantitative Biology},
     year = 2017,
    month = sep,
   adsurl = {http://adsabs.harvard.edu/abs/2017arXiv170906562C},
  adsnote = {Provided by the SAO/NASA Astrophysics Data System},
  file={Docs/1709.06562.pdf}
}



