




@article{frauchiger2018quantum,
  title={Quantum theory cannot consistently describe the use of itself},
  author={Frauchiger, Daniela and Renner, Renato},
  journal={Nature communications},
  volume={9},
  number={1},
  pages={3711},
  year={2018},
  publisher={Nature Publishing Group},
  file={Docs/s41467-018-05739-8.pdf}
}


@misc{castelvecchi2018reimagining,
  title={Reimagining of Schrödinger’s cat breaks quantum mechanics — and stumps physicists},
  author={Castelvecchi, D.},
  journal={Nature},
  volume={561},
  year={2018},
  howpublished={Nature News},
  url={https://www.nature.com/articles/d41586-018-06749-8}
}

@article{melnikov2018active,
  title={Active learning machine learns to create new quantum experiments},
  author={Melnikov, Alexey A and Nautrup, Hendrik Poulsen and Krenn, Mario and Dunjko, Vedran and Tiersch, Markus and Zeilinger, Anton and Briegel, Hans J},
  journal={Proceedings of the National Academy of Sciences},
  pages={201714936},
  year={2018},
  publisher={National Acad Sciences},
  file={Docs/10.1073@pnas.1714936115.pdf}
}

@article{mott2017solving,
  title={Solving a Higgs optimization problem with quantum annealing for machine learning},
  author={Mott, Alex and Job, Joshua and Vlimant, Jean-Roch and Lidar, Daniel and Spiropulu, Maria},
  journal={Nature},
  volume={550},
  number={7676},
  pages={375},
  year={2017},
  publisher={Nature Publishing Group},
  file={Docs/10.1038@nature24047.pdf}
}

@article{rodriguez2015quantum,
	Author = {Rodriguez, Marko A and Watkins, Jennifer H},
	Date-Added = {2016-03-14 18:56:56 +0000},
	Date-Modified = {2016-03-14 18:56:56 +0000},
	Journal = {arXiv preprint arXiv:1511.06278},
	Title = {Quantum Walks with Gremlin},
	Year = {2015},
	Bdsk-File-1 = {YnBsaXN0MDDUAQIDBAUGJCVYJHZlcnNpb25YJG9iamVjdHNZJGFyY2hpdmVyVCR0b3ASAAGGoKgHCBMUFRYaIVUkbnVsbNMJCgsMDxJXTlMua2V5c1pOUy5vYmplY3RzViRjbGFzc6INDoACgAOiEBGABIAFgAdccmVsYXRpdmVQYXRoWWFsaWFzRGF0YV8QFURvY3MvMTUxMS4wNjI3OHYxLnBkZtIXCxgZV05TLmRhdGFPEQIKAAAAAAIKAAIAAAxNYWNpbnRvc2ggSEQAAAAAAAAAAAAAAAAAAADKQQYMSCsAAAQlB24QMTUxMS4wNjI3OHYxLnBkZgAAAAAAAAAAAAAAAAAAAAAAAAAAAAAAAAAAAAAAAAAAAAAAAAAAAAAAAAAAAAAAA70NCNKDLEAAAAAAAAAAAAABAAMAAAkgAAAAAAAAAAAAAAAAAAAABERvY3MAEAAIAADKQOnsAAAAEQAIAADSgx4wAAAAAQAgBCUHbgQlB2wDsb35AKmYegCQwikABQIVAAUCFAAAvuwAAgB0TWFjaW50b3NoIEhEOlVzZXJzOgBKdXN0ZToARG9jdW1lbnRzOgBDb21wbGV4U3lzdGVtczoAQmlibGlvOgBEb21haW5TcGVjaWZpYzoAUXVhbnR1bVBoeXNpY3M6AERvY3M6ADE1MTEuMDYyNzh2MS5wZGYADgAiABAAMQA1ADEAMQAuADAANgAyADcAOAB2ADEALgBwAGQAZgAPABoADABNAGEAYwBpAG4AdABvAHMAaAAgAEgARAASAF9Vc2Vycy9KdXN0ZS9Eb2N1bWVudHMvQ29tcGxleFN5c3RlbXMvQmlibGlvL0RvbWFpblNwZWNpZmljL1F1YW50dW1QaHlzaWNzL0RvY3MvMTUxMS4wNjI3OHYxLnBkZgAAEwABLwAAFQACAAz//wAAgAbSGxwdHlokY2xhc3NuYW1lWCRjbGFzc2VzXU5TTXV0YWJsZURhdGGjHR8gVk5TRGF0YVhOU09iamVjdNIbHCIjXE5TRGljdGlvbmFyeaIiIF8QD05TS2V5ZWRBcmNoaXZlctEmJ1Ryb290gAEACAARABoAIwAtADIANwBAAEYATQBVAGAAZwBqAGwAbgBxAHMAdQB3AIQAjgCmAKsAswLBAsMCyALTAtwC6gLuAvUC/gMDAxADEwMlAygDLQAAAAAAAAIBAAAAAAAAACgAAAAAAAAAAAAAAAAAAAMv}}

@article{fields2015dark,
	Author = {Fields, Chris},
	Date-Added = {2016-03-14 18:23:04 +0000},
	Date-Modified = {2016-03-14 18:23:04 +0000},
	Journal = {arXiv preprint arXiv:1502.03424},
	Title = {Is dark energy an artifact of decoherence?},
	Year = {2015},
	Bdsk-File-1 = {YnBsaXN0MDDUAQIDBAUGJCVYJHZlcnNpb25YJG9iamVjdHNZJGFyY2hpdmVyVCR0b3ASAAGGoKgHCBMUFRYaIVUkbnVsbNMJCgsMDxJXTlMua2V5c1pOUy5vYmplY3RzViRjbGFzc6INDoACgAOiEBGABIAFgAdccmVsYXRpdmVQYXRoWWFsaWFzRGF0YV8QFURvY3MvMTUwMi4wMzQyNHY0LnBkZtIXCxgZV05TLmRhdGFPEQIKAAAAAAIKAAIAAAxNYWNpbnRvc2ggSEQAAAAAAAAAAAAAAAAAAADKQQYMSCsAAAQlB24QMTUwMi4wMzQyNHY0LnBkZgAAAAAAAAAAAAAAAAAAAAAAAAAAAAAAAAAAAAAAAAAAAAAAAAAAAAAAAAAAAAAAAn5W/tGLd+kAAAAAAAAAAAABAAMAAAkgAAAAAAAAAAAAAAAAAAAABERvY3MAEAAIAADKQOnsAAAAEQAIAADRi1vJAAAAAQAgBCUHbgQlB2wDsb35AKmYegCQwikABQIVAAUCFAAAvuwAAgB0TWFjaW50b3NoIEhEOlVzZXJzOgBKdXN0ZToARG9jdW1lbnRzOgBDb21wbGV4U3lzdGVtczoAQmlibGlvOgBEb21haW5TcGVjaWZpYzoAUXVhbnR1bVBoeXNpY3M6AERvY3M6ADE1MDIuMDM0MjR2NC5wZGYADgAiABAAMQA1ADAAMgAuADAAMwA0ADIANAB2ADQALgBwAGQAZgAPABoADABNAGEAYwBpAG4AdABvAHMAaAAgAEgARAASAF9Vc2Vycy9KdXN0ZS9Eb2N1bWVudHMvQ29tcGxleFN5c3RlbXMvQmlibGlvL0RvbWFpblNwZWNpZmljL1F1YW50dW1QaHlzaWNzL0RvY3MvMTUwMi4wMzQyNHY0LnBkZgAAEwABLwAAFQACAAz//wAAgAbSGxwdHlokY2xhc3NuYW1lWCRjbGFzc2VzXU5TTXV0YWJsZURhdGGjHR8gVk5TRGF0YVhOU09iamVjdNIbHCIjXE5TRGljdGlvbmFyeaIiIF8QD05TS2V5ZWRBcmNoaXZlctEmJ1Ryb290gAEACAARABoAIwAtADIANwBAAEYATQBVAGAAZwBqAGwAbgBxAHMAdQB3AIQAjgCmAKsAswLBAsMCyALTAtwC6gLuAvUC/gMDAxADEwMlAygDLQAAAAAAAAIBAAAAAAAAACgAAAAAAAAAAAAAAAAAAAMv}}

@article{bolotin2014computational,
	Author = {Bolotin, Arkady},
	Date-Added = {2016-03-14 18:13:58 +0000},
	Date-Modified = {2016-03-14 18:13:58 +0000},
	Journal = {arXiv preprint arXiv:1403.7686},
	Title = {Computational solution to quantum foundational problems},
	Year = {2014},
	Bdsk-File-1 = {YnBsaXN0MDDUAQIDBAUGJCVYJHZlcnNpb25YJG9iamVjdHNZJGFyY2hpdmVyVCR0b3ASAAGGoKgHCBMUFRYaIVUkbnVsbNMJCgsMDxJXTlMua2V5c1pOUy5vYmplY3RzViRjbGFzc6INDoACgAOiEBGABIAFgAdccmVsYXRpdmVQYXRoWWFsaWFzRGF0YV8QFERvY3MvMTQwMy43Njg2djYucGRm0hcLGBlXTlMuZGF0YU8RAgYAAAAAAgYAAgAADE1hY2ludG9zaCBIRAAAAAAAAAAAAAAAAAAAAMpBBgxIKwAABCUHbg8xNDAzLjc2ODZ2Ni5wZGYAAAAAAAAAAAAAAAAAAAAAAAAAAAAAAAAAAAAAAAAAAAAAAAAAAAAAAAAAAAAAAAACEg5K0NH9jgAAAAAAAAAAAAEAAwAACSAAAAAAAAAAAAAAAAAAAAAERG9jcwAQAAgAAMpA6ewAAAARAAgAANDR734AAAABACAEJQduBCUHbAOxvfkAqZh6AJDCKQAFAhUABQIUAAC+7AACAHNNYWNpbnRvc2ggSEQ6VXNlcnM6AEp1c3RlOgBEb2N1bWVudHM6AENvbXBsZXhTeXN0ZW1zOgBCaWJsaW86AERvbWFpblNwZWNpZmljOgBRdWFudHVtUGh5c2ljczoARG9jczoAMTQwMy43Njg2djYucGRmAAAOACAADwAxADQAMAAzAC4ANwA2ADgANgB2ADYALgBwAGQAZgAPABoADABNAGEAYwBpAG4AdABvAHMAaAAgAEgARAASAF5Vc2Vycy9KdXN0ZS9Eb2N1bWVudHMvQ29tcGxleFN5c3RlbXMvQmlibGlvL0RvbWFpblNwZWNpZmljL1F1YW50dW1QaHlzaWNzL0RvY3MvMTQwMy43Njg2djYucGRmABMAAS8AABUAAgAM//8AAIAG0hscHR5aJGNsYXNzbmFtZVgkY2xhc3Nlc11OU011dGFibGVEYXRhox0fIFZOU0RhdGFYTlNPYmplY3TSGxwiI1xOU0RpY3Rpb25hcnmiIiBfEA9OU0tleWVkQXJjaGl2ZXLRJidUcm9vdIABAAgAEQAaACMALQAyADcAQABGAE0AVQBgAGcAagBsAG4AcQBzAHUAdwCEAI4ApQCqALICvAK+AsMCzgLXAuUC6QLwAvkC/gMLAw4DIAMjAygAAAAAAAACAQAAAAAAAAAoAAAAAAAAAAAAAAAAAAADKg==}}

@article{gilyen2015exponential,
	Author = {Gily{\'e}n, Andr{\'a}s and Kiss, Tam{\'a}s and Jex, Igor},
	Date-Added = {2016-03-14 14:27:25 +0000},
	Date-Modified = {2016-03-14 14:27:25 +0000},
	Journal = {arXiv preprint arXiv:1508.03191},
	Title = {Exponential Sensitivity and its Cost in Quantum Physics},
	Year = {2015},
	Bdsk-File-1 = {YnBsaXN0MDDUAQIDBAUGJCVYJHZlcnNpb25YJG9iamVjdHNZJGFyY2hpdmVyVCR0b3ASAAGGoKgHCBMUFRYaIVUkbnVsbNMJCgsMDxJXTlMua2V5c1pOUy5vYmplY3RzViRjbGFzc6INDoACgAOiEBGABIAFgAdccmVsYXRpdmVQYXRoWWFsaWFzRGF0YV8QLURvY3MvR2lseS1uX2V0X2FsLTIwMTYtU2NpZW50aWZpY19SZXBvcnRzLnBkZtIXCxgZV05TLmRhdGFPEQJiAAAAAAJiAAIAAAxNYWNpbnRvc2ggSEQAAAAAAAAAAAAAAAAAAADKQQYMSCsAAAQlB24fR2lseS1uX2V0X2FsLTIwMTYtUyM0MTExNDJBLnBkZgAAAAAAAAAAAAAAAAAAAAAAAAAAAAAAAAAAAAAAAAAABBEUKtLgzlEAAAAAAAAAAAABAAMAAAkgAAAAAAAAAAAAAAAAAAAABERvY3MAEAAIAADKQOnsAAAAEQAIAADS4MBBAAAAAQAgBCUHbgQlB2wDsb35AKmYegCQwikABQIVAAUCFAAAvuwAAgCDTWFjaW50b3NoIEhEOlVzZXJzOgBKdXN0ZToARG9jdW1lbnRzOgBDb21wbGV4U3lzdGVtczoAQmlibGlvOgBEb21haW5TcGVjaWZpYzoAUXVhbnR1bVBoeXNpY3M6AERvY3M6AEdpbHktbl9ldF9hbC0yMDE2LVMjNDExMTQyQS5wZGYAAA4AUgAoAEcAaQBsAHkALQBuAF8AZQB0AF8AYQBsAC0AMgAwADEANgAtAFMAYwBpAGUAbgB0AGkAZgBpAGMAXwBSAGUAcABvAHIAdABzAC4AcABkAGYADwAaAAwATQBhAGMAaQBuAHQAbwBzAGgAIABIAEQAEgB3VXNlcnMvSnVzdGUvRG9jdW1lbnRzL0NvbXBsZXhTeXN0ZW1zL0JpYmxpby9Eb21haW5TcGVjaWZpYy9RdWFudHVtUGh5c2ljcy9Eb2NzL0dpbHktbl9ldF9hbC0yMDE2LVNjaWVudGlmaWNfUmVwb3J0cy5wZGYAABMAAS8AABUAAgAM//8AAIAG0hscHR5aJGNsYXNzbmFtZVgkY2xhc3Nlc11OU011dGFibGVEYXRhox0fIFZOU0RhdGFYTlNPYmplY3TSGxwiI1xOU0RpY3Rpb25hcnmiIiBfEA9OU0tleWVkQXJjaGl2ZXLRJidUcm9vdIABAAgAEQAaACMALQAyADcAQABGAE0AVQBgAGcAagBsAG4AcQBzAHUAdwCEAI4AvgDDAMsDMQMzAzgDQwNMA1oDXgNlA24DcwOAA4MDlQOYA50AAAAAAAACAQAAAAAAAAAoAAAAAAAAAAAAAAAAAAADnw==}}

@article{Han:2016fk,
	Author = {Han, Yeong Deok and Choi, Taeseung},
	Date = {2016/03/14/online},
	Date-Added = {2016-03-14 12:37:43 +0000},
	Date-Modified = {2016-03-14 12:37:43 +0000},
	Day = {14},
	Journal = {Scientific Reports},
	L3 = {10.1038/srep22986;},
	M3 = {Article},
	Month = {03},
	Pages = {22986 EP -},
	Publisher = {The Author(s) SN -},
	Title = {Quantum probability assignment limited by relativistic causality},
	Ty = {JOUR},
	Url = {http://dx.doi.org/10.1038/srep22986},
	Volume = {6},
	Year = {2016},
	Bdsk-File-1 = {YnBsaXN0MDDUAQIDBAUGJCVYJHZlcnNpb25YJG9iamVjdHNZJGFyY2hpdmVyVCR0b3ASAAGGoKgHCBMUFRYaIVUkbnVsbNMJCgsMDxJXTlMua2V5c1pOUy5vYmplY3RzViRjbGFzc6INDoACgAOiEBGABIAFgAdccmVsYXRpdmVQYXRoWWFsaWFzRGF0YV8QKkRvY3MvSGFuX2V0X2FsLTIwMTYtU2NpZW50aWZpY19SZXBvcnRzLnBkZtIXCxgZV05TLmRhdGFPEQJYAAAAAAJYAAIAAAxNYWNpbnRvc2ggSEQAAAAAAAAAAAAAAAAAAADKQQYMSCsAAAQlB24fSGFuX2V0X2FsLTIwMTYtU2NpZSM0Mjc5QzA5LnBkZgAAAAAAAAAAAAAAAAAAAAAAAAAAAAAAAAAAAAAAAAAABCecCdMMWn4AAAAAAAAAAAABAAMAAAkgAAAAAAAAAAAAAAAAAAAABERvY3MAEAAIAADKQOnsAAAAEQAIAADTDExuAAAAAQAgBCUHbgQlB2wDsb35AKmYegCQwikABQIVAAUCFAAAvuwAAgCDTWFjaW50b3NoIEhEOlVzZXJzOgBKdXN0ZToARG9jdW1lbnRzOgBDb21wbGV4U3lzdGVtczoAQmlibGlvOgBEb21haW5TcGVjaWZpYzoAUXVhbnR1bVBoeXNpY3M6AERvY3M6AEhhbl9ldF9hbC0yMDE2LVNjaWUjNDI3OUMwOS5wZGYAAA4ATAAlAEgAYQBuAF8AZQB0AF8AYQBsAC0AMgAwADEANgAtAFMAYwBpAGUAbgB0AGkAZgBpAGMAXwBSAGUAcABvAHIAdABzAC4AcABkAGYADwAaAAwATQBhAGMAaQBuAHQAbwBzAGgAIABIAEQAEgB0VXNlcnMvSnVzdGUvRG9jdW1lbnRzL0NvbXBsZXhTeXN0ZW1zL0JpYmxpby9Eb21haW5TcGVjaWZpYy9RdWFudHVtUGh5c2ljcy9Eb2NzL0hhbl9ldF9hbC0yMDE2LVNjaWVudGlmaWNfUmVwb3J0cy5wZGYAEwABLwAAFQACAAz//wAAgAbSGxwdHlokY2xhc3NuYW1lWCRjbGFzc2VzXU5TTXV0YWJsZURhdGGjHR8gVk5TRGF0YVhOU09iamVjdNIbHCIjXE5TRGljdGlvbmFyeaIiIF8QD05TS2V5ZWRBcmNoaXZlctEmJ1Ryb290gAEACAARABoAIwAtADIANwBAAEYATQBVAGAAZwBqAGwAbgBxAHMAdQB3AIQAjgC7AMAAyAMkAyYDKwM2Az8DTQNRA1gDYQNmA3MDdgOIA4sDkAAAAAAAAAIBAAAAAAAAACgAAAAAAAAAAAAAAAAAAAOS},
	Bdsk-Url-1 = {http://dx.doi.org/10.1038/srep22986}}

@article{Mari:2016fk,
	Author = {Mari, Andrea and De Palma, Giacomo and Giovannetti, Vittorio},
	Date = {2016/03/09/online},
	Date-Added = {2016-03-09 15:57:16 +0000},
	Date-Modified = {2016-03-09 15:57:16 +0000},
	Day = {09},
	Journal = {Scientific Reports},
	L3 = {10.1038/srep22777; http://www.nature.com/articles/srep22777#supplementary-information},
	M3 = {Article},
	Month = {03},
	Pages = {22777 EP -},
	Publisher = {The Author(s) SN -},
	Title = {Experiments testing macroscopic quantum superpositions must be slow},
	Ty = {JOUR},
	Url = {http://dx.doi.org/10.1038/srep22777},
	Volume = {6},
	Year = {2016},
	Bdsk-File-1 = {YnBsaXN0MDDUAQIDBAUGJCVYJHZlcnNpb25YJG9iamVjdHNZJGFyY2hpdmVyVCR0b3ASAAGGoKgHCBMUFRYaIVUkbnVsbNMJCgsMDxJXTlMua2V5c1pOUy5vYmplY3RzViRjbGFzc6INDoACgAOiEBGABIAFgAdccmVsYXRpdmVQYXRoWWFsaWFzRGF0YV8QK0RvY3MvTWFyaV9ldF9hbC0yMDE2LVNjaWVudGlmaWNfUmVwb3J0cy5wZGbSFwsYGVdOUy5kYXRhTxECXAAAAAACXAACAAAMTWFjaW50b3NoIEhEAAAAAAAAAAAAAAAAAAAAykEGDEgrAAAEJQduH01hcmlfZXRfYWwtMjAxNi1TY2kjNDI1MDc2OS5wZGYAAAAAAAAAAAAAAAAAAAAAAAAAAAAAAAAAAAAAAAAAAAQlB2nTBgYhAAAAAAAAAAAAAQADAAAJIAAAAAAAAAAAAAAAAAAAAAREb2NzABAACAAAykDp7AAAABEACAAA0wX4EQAAAAEAIAQlB24EJQdsA7G9+QCpmHoAkMIpAAUCFQAFAhQAAL7sAAIAg01hY2ludG9zaCBIRDpVc2VyczoASnVzdGU6AERvY3VtZW50czoAQ29tcGxleFN5c3RlbXM6AEJpYmxpbzoARG9tYWluU3BlY2lmaWM6AFF1YW50dW1QaHlzaWNzOgBEb2NzOgBNYXJpX2V0X2FsLTIwMTYtU2NpIzQyNTA3NjkucGRmAAAOAE4AJgBNAGEAcgBpAF8AZQB0AF8AYQBsAC0AMgAwADEANgAtAFMAYwBpAGUAbgB0AGkAZgBpAGMAXwBSAGUAcABvAHIAdABzAC4AcABkAGYADwAaAAwATQBhAGMAaQBuAHQAbwBzAGgAIABIAEQAEgB1VXNlcnMvSnVzdGUvRG9jdW1lbnRzL0NvbXBsZXhTeXN0ZW1zL0JpYmxpby9Eb21haW5TcGVjaWZpYy9RdWFudHVtUGh5c2ljcy9Eb2NzL01hcmlfZXRfYWwtMjAxNi1TY2llbnRpZmljX1JlcG9ydHMucGRmAAATAAEvAAAVAAIADP//AACABtIbHB0eWiRjbGFzc25hbWVYJGNsYXNzZXNdTlNNdXRhYmxlRGF0YaMdHyBWTlNEYXRhWE5TT2JqZWN00hscIiNcTlNEaWN0aW9uYXJ5oiIgXxAPTlNLZXllZEFyY2hpdmVy0SYnVHJvb3SAAQAIABEAGgAjAC0AMgA3AEAARgBNAFUAYABnAGoAbABuAHEAcwB1AHcAhACOALwAwQDJAykDKwMwAzsDRANSA1YDXQNmA2sDeAN7A40DkAOVAAAAAAAAAgEAAAAAAAAAKAAAAAAAAAAAAAAAAAAAA5c=},
	Bdsk-Url-1 = {http://dx.doi.org/10.1038/srep22777}}
