




@article{jaffe2018mathematical,
  title={Mathematical picture language program},
  author={Jaffe, Arthur M and Liu, Zhengwei},
  journal={Proceedings of the National Academy of Sciences},
  volume={115},
  number={1},
  pages={81--86},
  year={2018},
  publisher={National Acad Sciences},
  file={Docs/PNAS-2018-Jaffe-81-6.pdf}
}


@article{ornes2017science,
  title={Science and Culture: Researchers find history in the diagrams of Euclidâ€™s Elements},
  author={Ornes, Stephen},
  journal={Proceedings of the National Academy of Sciences},
  volume={114},
  number={47},
  pages={12353--12355},
  year={2017},
  publisher={National Acad Sciences},
  file={Docs/PNAS-2017-Ornes-12353-5.pdf}
}


@article{dyson2009birds,
  title={Birds and frogs},
  author={Dyson, Freeman},
  journal={Notices of the AMS},
  volume={56},
  number={2},
  pages={212--223},
  year={2009},
  file={Docs/Birds-and-Frogs.pdf}
}

@article{lahlou2018combinatorial,
  title={A Combinatorial Problem Arising From Ecology: the Maximum Empower Problem},
  author={Lahlou, Chams and Truffet, Laurent},
  journal={arXiv preprint arXiv:1802.05974},
  year={2018},
  file={Docs/1802.05974.pdf}
}


@article{gannon2017mathematics,
  title={Mathematics: A pariah finds a home},
  author={Gannon, Terry},
  journal={Nature},
  volume={550},
  number={7675},
  pages={191},
  year={2017},
  publisher={Nature Publishing Group},
  file={Docs/10.0000@www.nature.com@nature@journal@vaop@ncurrent@nature24147.pdf}
}

