
@inproceedings{ziegler2016devs,
  title={DEVS: Past, Present, Future},
  author={Zeigler, B.},
  booktitle={Journees DEVS Francophone, Cargese, April 2016},
  year={2016},
  file={Docs/DEVSPastPresentFuture.pdf}
}


@article{fishwick1993simulation,
  title={A simulation environment for multimodeling},
  author={Fishwick, Paul A},
  journal={Discrete Event Dynamic Systems},
  volume={3},
  number={2-3},
  pages={151--171},
  year={1993},
  publisher={Springer},
  file={Docs/Fishwick1993_Article_ASimulationEnvironmentForMulti.pdf}
}


