


@article {WangE11888,
	author = {Wang, Qi and Phillips, Nolan Edward and Small, Mario L. and Sampson, Robert J.},
	title = {Reply to Vall{\'e}e: Different questions for different data},
	volume = {115},
	number = {51},
	pages = {E11888--E11889},
	year = {2018},
	doi = {10.1073/pnas.1818606115},
	publisher = {National Academy of Sciences},
	issn = {0027-8424},
	URL = {https://www.pnas.org/content/115/51/E11888},
	eprint = {https://www.pnas.org/content/115/51/E11888.full.pdf},
	journal = {Proceedings of the National Academy of Sciences},
	file={Docs/10.1073@pnas.1818606115.pdf}
}



@article{Vall{\'e}eE11886,
	author = {Vall{\'e}e, Julie},
	title = {Urban isolation and daytime neighborhood social composition from Twitter data},
	volume = {115},
	number = {51},
	pages = {E11886--E11887},
	year = {2018},
	doi = {10.1073/pnas.1816937115},
	publisher = {National Academy of Sciences},
	issn = {0027-8424},
	URL = {https://www.pnas.org/content/115/51/E11886},
	eprint = {https://www.pnas.org/content/115/51/E11886.full.pdf},
	journal = {Proceedings of the National Academy of Sciences},
	file={Docs/10.1073@pnas.1816937115.pdf}
}


