


@ARTICLE{2018arXiv180504510R,
   author = {{Radil}, S.~M. and {Walther}, O.~J.},
    title = "{Social networks and geography: a view from the periphery}",
  journal = {ArXiv e-prints},
archivePrefix = "arXiv",
   eprint = {1805.04510},
 keywords = {Computer Science - Social and Information Networks, Physics - Physics and Society},
     year = 2018,
    month = may,
   adsurl = {http://adsabs.harvard.edu/abs/2018arXiv180504510R},
  adsnote = {Provided by the SAO/NASA Astrophysics Data System},
  file={Docs/1805.04510.pdf}
}




@ARTICLE{2018arXiv180500819J,
	   author = {{Jiang}, B.},
	       title = "{Spatial Heterogeneity, Scale, Data Character, and Sustainable Transport in the Big Data Era}",
	         journal = {ArXiv e-prints},
		 archivePrefix = "arXiv",
		    eprint = {1805.00819},
		     primaryClass = "physics.soc-ph",
		      keywords = {Physics - Physics and Society},
		           year = 2018,
			       month = may,
			          adsurl = {http://adsabs.harvard.edu/abs/2018arXiv180500819J},
				    adsnote = {Provided by the SAO/NASA Astrophysics Data System},
				    file={Docs/1805.00819.pdf}
}

@article{sarkar2018urban,
	  title={Urban scaling and the geographic concentration of inequalities by city size},
	    author={Sarkar, Somwrita},
	      journal={Environment and Planning B: Urban Analytics and City Science},
	        pages={2399808318766070},
		  year={2018},
		    publisher={SAGE Publications Sage UK: London, England},
		    file={Docs/10.1177@2399808318766070.pdf}
}



