






@article{li2017social,
  title={Social preferences of future physicians},
  author={Li, Jing and Dow, William H and Kariv, Shachar},
  journal={Proceedings of the National Academy of Sciences},
  volume={114},
  number={48},
  pages={E10291--E10300},
  year={2017},
  publisher={National Acad Sciences},
  file={Docs/PNAS-2017-Li-E10291-300.pdf}
}





@ARTICLE{2017arXiv171006285B,
   author = {{Bar-Yam}, Y. and {Langlois-Meurinne}, J. and {Kawakatsu}, M. and 
	{Garcia}, R.},
    title = "{Preliminary steps toward a universal economic dynamics for monetary and fiscal policy}",
  journal = {ArXiv e-prints},
archivePrefix = "arXiv",
   eprint = {1710.06285},
 primaryClass = "physics.soc-ph",
 keywords = {Physics - Physics and Society, Computer Science - Computers and Society, Nonlinear Sciences - Adaptation and Self-Organizing Systems, Quantitative Finance - Economics, Quantitative Finance - General Finance},
     year = 2017,
    month = oct,
   adsurl = {http://adsabs.harvard.edu/abs/2017arXiv171006285B},
  adsnote = {Provided by the SAO/NASA Astrophysics Data System},
  file={Docs/1710.06285.pdf}
}



@article{caginalp2018opinion,
  title={Opinion: Valuation, liquidity price, and stability of cryptocurrencies},
  author={Caginalp, Carey and Caginalp, Gunduz},
  journal={Proceedings of the National Academy of Sciences},
  volume={115},
  number={6},
  pages={1131--1134},
  year={2018},
  publisher={National Acad Sciences},
  file={Docs/1131.full.pdf}
}

