
@ARTICLE{2017arXiv170709495R,
   author = {{Raducha}, T. and {Wili{\'n}ski}, M. and {Gubiec}, T. and {Stanley}, H.~E.
	},
    title = "{Statistical mechanics of coevolving spin system}",
  journal = {ArXiv e-prints},
archivePrefix = "arXiv",
   eprint = {1707.09495},
 primaryClass = "physics.soc-ph",
 keywords = {Physics - Physics and Society},
     year = 2017,
    month = jul,
   adsurl = {http://adsabs.harvard.edu/abs/2017arXiv170709495R},
  adsnote = {Provided by the SAO/NASA Astrophysics Data System},
  file={Docs/1707.09495.pdf}
}


