
@article{dos2017philosophy,
  title={On the Philosophy of Bitcoin/Blockchain Technology: Is it a Chaotic, Complex System?},
  author={Dos Santos, Renato P},
  journal={Metaphilosophy},
  volume={48},
  number={5},
  pages={620--633},
  year={2017},
  publisher={Wiley Online Library},
  file={Docs/1711.00509.pdf}
}


@article{turkanovic2018eductx,
  title={EduCTX: A blockchain-based higher education credit platform},
  author={Turkanovi{\'c}, Muhamed and H{\"o}lbl, Marko and Ko{\v{s}}i{\v{c}}, Kristjan and Heri{\v{c}}ko, Marjan and Kami{\v{s}}ali{\'c}, Aida},
  journal={IEEE Access},
  year={2018},
  publisher={IEEE},
  file={Docs/1710.09918.pdf}
}

