
@book{chang2012r,
  title={R graphics cookbook: practical recipes for visualizing data},
  author={Chang, Winston},
  year={2012},
  publisher={" O'Reilly Media, Inc."}
}


@ARTICLE{2018arXiv180803292G,
   author = {{Gunaratne}, C. and {Garibay}, I.},
    title = "{NL4Py: Agent-Based Modeling in Python with Parallelizable NetLogo Workspaces}",
  journal = {ArXiv e-prints},
archivePrefix = "arXiv",
   eprint = {1808.03292},
 primaryClass = "cs.MA",
 keywords = {Computer Science - Multiagent Systems},
     year = 2018,
    month = aug,
   adsurl = {http://adsabs.harvard.edu/abs/2018arXiv180803292G},
  adsnote = {Provided by the SAO/NASA Astrophysics Data System},
  file={Docs/1808.03292.pdf}
}


