





@article{tollefson2018big,
  author={Tollefson, J.},
  title={Big-data project aims to transform farming in worldâ€™s poorest countries},
  journal={Nature},
  pages = {10.1038/d41586-018-06800-8},
  year={2018}
}



@article{freeman2018synchronization,
  title={Synchronization of energy consumption by human societies throughout the Holocene},
  author={Freeman, Jacob and Baggio, Jacopo A and Robinson, Erick and Byers, David A and Gayo, Eugenia and Finley, Judson Byrd and Meyer, Jack A and Kelly, Robert L and Anderies, John M},
  journal={Proceedings of the National Academy of Sciences},
  pages={201802859},
  year={2018},
  publisher={National Acad Sciences},
  file={Docs/9962.full.pdf}
}




@article{edwards2018infrastructure,
  title={Infrastructure to enable deployment of carbon capture, utilization, and storage in the United States},
  author={Edwards, Ryan WJ and Celia, Michael A},
  journal={Proceedings of the National Academy of Sciences},
  pages={201806504},
  year={2018},
  publisher={National Acad Sciences},
  file={Docs/10.1073@pnas.1806504115.pdf}
}


@article{cumming2018linking,
  title={Linking economic growth pathways and environmental sustainability by understanding development as alternate social--ecological regimes},
  author={Cumming, Graeme S and von Cramon-Taubadel, Stephan},
  journal={Proceedings of the National Academy of Sciences},
  pages={201807026},
  year={2018},
  publisher={National Acad Sciences},
  file={Docs/10.1073@pnas.1807026115.pdf}
}



@article{Lenton1066,
	author = {Lenton, Timothy M. and Latour, Bruno},
	title = {Gaia 2.0},
	volume = {361},
	number = {6407},
	pages = {1066--1068},
	year = {2018},
	doi = {10.1126/science.aau0427},
	publisher = {American Association for the Advancement of Science},
	issn = {0036-8075},
	URL = {http://science.sciencemag.org/content/361/6407/1066},
	eprint = {http://science.sciencemag.org/content/361/6407/1066.full.pdf},
	journal = {Science},
	file={Docs/1066.full.pdf}
}



@book{meadows2012limits,
  title={The limits to growth: the 30-year update},
  author={Meadows, Dennis and Randers, Jorgan},
  year={2012},
  publisher={Routledge},
  file={Docs/Limits-to-Growth-updated.pdf}
}



@article{schirmer2018framework,
  title={A framework to diagnose factors influencing proenvironmental behaviors in water-sensitive urban design},
  author={Schirmer, Jacki and Dyer, Fiona},
  journal={Proceedings of the National Academy of Sciences},
  pages={201802293},
  year={2018},
  publisher={National Acad Sciences},
  file={Docs/E7690.full.pdf}
}




@article{white2017nutritional,
  title={Nutritional and greenhouse gas impacts of removing animals from US agriculture},
  author={White, Robin R and Hall, Mary Beth},
  journal={Proceedings of the National Academy of Sciences},
  pages={201707322},
  year={2017},
  publisher={National Acad Sciences},
  file={Docs/PNAS-2017-White-E10301-8.pdf}
}


@article{shepon2018opportunity,
	  title={The opportunity cost of animal based diets exceeds all food losses},
	    author={Shepon, Alon and Eshel, Gidon and Noor, Elad and Milo, Ron},
	      journal={Proceedings of the National Academy of Sciences},
	        pages={201713820},
		  year={2018},
		    publisher={National Acad Sciences},
		    file={Docs/3804.full.pdf}
}



