
@article{safavi2018nonmonotonic,
	  title={Nonmonotonic spatial structure of interneuronal correlations in prefrontal microcircuits},
	    author={Safavi, Shervin and Dwarakanath, Abhilash and Kapoor, Vishal and Werner, Joachim and Hatsopoulos, Nicholas G and Logothetis, Nikos K and Panagiotaropoulos, Theofanis I},
	      journal={Proceedings of the National Academy of Sciences},
	        pages={201802356},
		  year={2018},
		    publisher={National Acad Sciences},
		    file={Docs/E3539.full.pdf}
}



@article{gardella2018blindfold,
	  title={Blindfold learning of an accurate neural metric},
	    author={Gardella, Christophe and Marre, Olivier and Mora, Thierry},
	      journal={Proceedings of the National Academy of Sciences},
	        pages={201718710},
		  year={2018},
		    publisher={National Acad Sciences},
		    file={Docs/10.1073@pnas.1718710115.pdf}
}


