

@ARTICLE{2018arXiv180501488C,
   author = {{Choi}, H. and {Woo}, H. and {Kim}, J.-H. and {Yang}, J.-S.},
    title = "{Gravity model for dyadic Olympic competitions}",
  journal = {ArXiv e-prints},
archivePrefix = "arXiv",
   eprint = {1805.01488},
 primaryClass = "physics.soc-ph",
 keywords = {Physics - Physics and Society},
     year = 2018,
    month = may,
   adsurl = {http://adsabs.harvard.edu/abs/2018arXiv180501488C},
  adsnote = {Provided by the SAO/NASA Astrophysics Data System},
  file={Docs/1805.01488.pdf}
}




@article{appert2017nash,
  title={Nash equilibrium in a stochastic model of two competing athletes},
  author={Appert-Rolland, Cecile and Hilhorst, Hendrik-Jan and Aftalion, Amandine},
  journal={arXiv preprint arXiv:1709.06460},
  year={2017},
  file={Docs/1709.06460.pdf}
}


