



@ARTICLE{2018arXiv180308511N,
   author = {{Notarmuzi}, D. and {Castellano}, C.},
    title = "{Analytical study of quality-biased competition dynamics for memes in social media}",
  journal = {ArXiv e-prints},
archivePrefix = "arXiv",
   eprint = {1803.08511},
 primaryClass = "physics.soc-ph",
 keywords = {Physics - Physics and Society, Condensed Matter - Statistical Mechanics, Computer Science - Social and Information Networks},
     year = 2018,
    month = mar,
   adsurl = {http://adsabs.harvard.edu/abs/2018arXiv180308511N},
  adsnote = {Provided by the SAO/NASA Astrophysics Data System},
  file={Docs/1803.08511.pdf}
}



