


@article{borgman2018open,
  title={Open data, grey data, and stewardship: Universities at the privacy frontier},
  author={Borgman, Christine L},
  journal={arXiv preprint arXiv:1802.02953},
  year={2018},
  file={Docs/1802.02953.pdf}
}



