
@ARTICLE{2018arXiv180303528Q,
	   author = {{Queyroi}, F.},
	       title = "{Biological and Shortest-Path Routing Procedures for Transportation Network Design}",
	         journal = {ArXiv e-prints},
		 archivePrefix = "arXiv",
		    eprint = {1803.03528},
		     primaryClass = "physics.soc-ph",
		      keywords = {Physics - Physics and Society, Computer Science - Data Structures and Algorithms, Computer Science - Social and Information Networks},
		           year = 2018,
			       month = mar,
			          adsurl = {http://adsabs.harvard.edu/abs/2018arXiv180303528Q},
				    adsnote = {Provided by the SAO/NASA Astrophysics Data System},
				    file={Docs/1803.03528.pdf}
}




